2686 4906
204 299 257 376 ll

201 503 292 564 murlo
327 502 549 582 Domitianum,
588 519 606 562 c
641 519 701 580 quo
737 501 810 563 fusti
841 501 1008 564 euleu-durii
1039 503 1177 567 restituti
1210 505 1292 573 sint,

201 617 291 684 etium
314 625 437 683 uustros
462 621 560 682 fustus
584 619 623 682 cd
648 621 742 682 finem
767 641 865 702 usquc
892 623 1104 704 complevisse.

221 758 224 766 ·
295 742 381 822 Ergo
404 773 452 788 --
485 746 520 801 ut
553 757 631 818 quae
666 738 797 802 diximus
833 727 945 820 paucis
973 744 1216 824 complectamur
1244 775 1291 788 -

199 861 273 921 iusti
297 859 469 940 capitulini,
493 858 633 927 (laesuris
664 861 749 920 iussu
775 864 808 918 et
834 877 892 947 upc
920 864 1089 942 compositi,
1117 864 1149 923 iu
1173 869 1289 924 vetere

200 979 335 1042 (iustcris
361 979 438 1040 ucde
471 979 615 1040 collocuti
642 984 739 1042 eraut.
790 979 838 1041 Ab
863 999 942 1041 uultu
971 979 1105 1062 deiude,
1139 999 1201 1060 quc
1225 997 1287 1062 pc-

201 1099 252 1160 siti
278 1105 383 1172 erum,
418 1072 481 1160 wi
506 1119 603 1178 usque
629 1097 669 1159 ud
694 1117 806 1159 cunum
828 1119 858 1158 u.
877 1118 904 1159 c.
919 1100 982 1163 723
1008 1101 1193 1172 continuati,
1221 1100 1288 1160 lucc

199 1233 278 1278 utino
303 1237 363 1280 uus
389 1237 458 1278 cum
481 1219 596 1296 templu
622 1217 766 1278 incendio
795 1235 820 1278 s.
844 1202 997 1280 vestutate
1024 1220 1154 1300 collapsi
1178 1221 1286 1282 iucue-

200 1341 283 1397 u'uut.
340 1336 454 1398 Postea
484 1353 558 1396 vcro
592 1354 681 1414 quum
715 1337 873 1436 Augustus
906 1337 1034 1430 {liberio
1063 1339 1173 1418 templi
1197 1338 1286 1398 illius

200 1453 384 1554 restitueurli
410 1475 511 1516 curum
532 1453 746 1528 demandarat,
771 1473 830 1514 unu
859 1473 929 1514 curu
957 1455 1035 1516 rede
1060 1456 1134 1517 iusti
1159 1473 1285 1536 quoque

199 1575 231 1636 iu
259 1575 351 1656 vitum
383 1574 515 1636 rediere.
572 1573 684 1634 lulumi
715 1580 817 1636 eutem
843 1575 1017 1635 Neruuiuuu
1051 1575 1196 1638 incendio
1222 1575 1284 1635 (iu-
1326 1583 1327 1634 l

200 1694 292 1757 storin
324 1712 446 1773 quoque
478 1693 573 1755 redes
614 1698 754 1756 contactu
786 1699 854 1766 cst,
890 1693 933 1753 its
971 1697 1073 1754 umen
1107 1699 1145 1754 ut
1180 1693 1283 1754 solum

109 1847 112 1857 ·
171 1890 173 1898 Ι
199 1815 326 1876 lacunar
351 1813 486 1894 ligneum
517 1813 630 1876 arsisse
660 1811 800 1876 videatur
832 1817 866 1872 et
896 1811 981 1872 Fece
1017 1817 1049 1873 et
1080 1811 1117 1874 1².
1150 1812 1283 1876 licuutiu
1326 1791 1327 1858 i

117 1995 120 2015 ,
203 1930 274 1996 VV.
301 1932 365 1996 llll.
392 1933 503 2014 quibus
528 1951 584 1998 nus
609 1933 755 1996 lubenter
779 1930 973 1994 assentimus.
