2686 4906
242 407 270 474 q

237 594 641 674 borioaiasimum..quidem‚
675 591 731 652 sed
757 576 938 672 pierumque
966 593 1109 656 fallacem
1140 592 1318 673 scriptorem

239 720 349 780 luisse.
420 716 502 776 ilinc
536 733 597 776 uon
635 713 732 774 semel
762 711 884 792 vapulat
916 733 933 773 a
964 713 1168 794 Spanlsemio,
1207 709 1317 774 Schei-

142 854 150 867 ·
237 839 325 910 iero,
358 835 426 896 aliia
454 835 526 895 viris
550 831 700 919 eruditis,
737 831 847 910 quibus
886 831 993 892 iusum
1022 833 1128 894 facere
1165 851 1226 892 non
1266 851 1316 910 po-

237 958 327 1018 tuitr‘
383 955 522 1031 Quorum
545 953 678 1014 virorum
705 950 874 1032 catalogum
903 952 1089 1032 conscripsit
1116 949 1315 1032 cardinalias,

237 1075 309 1134 libri
346 1073 443 1134 Feani
476 1071 507 1132 in
538 1072 640 1134 iliario
676 1071 829 1132 Arcadico
858 1083 968 1132 censor
997 1069 1204 1132 doctissimus.
1261 1071 1315 1130 ilr-

223 1213 315 1272 gone
352 1190 507 1270 Ligarium
541 1197 643 1253 nostra
677 1209 798 1268 quoque
829 1191 862 1250 in
890 1208 925 1250 re
958 1189 1103 1256 fraudem
1128 1189 1313 1250 commisisse

236 1317 378 1391 putantes
389 1353 402 1387 ,
424 1311 576 1388 integrum
599 1309 687 1370 illum
707 1307 899 1387 onuphrium
923 1279 1101 1368 Panrinium
1125 1310 1312 1388 aequemur?

235 1430 326 1508 Quod
360 1428 523 1508 quominus
555 1428 609 1488 liat
629 1426 770 1518 ¹impedit
800 1433 833 1486 et
867 1427 925 1486 riri
954 1426 992 1486 cl.
1027 1427 1109 1488 Fere
1141 1429 1312 1496 auctoritas.

104 1593 108 1610 .
232 1550 287 1626 qul
313 1548 470 1628 Ligarium
496 1565 649 1625 nunquam
685 1545 849 1624 quidquam
883 1537 1085 1625 interpolasse
1119 1543 1254 1627 αὑτοψίᾳ
1281 1567 1311 1605 so

233 1669 342 1728 testari
378 1684 469 1744 posse
503 1665 680 1736 confirmat,
714 1671 747 1724 et
771 1663 995 1741 quodammodo
1019 1665 1084 1744 ipsa
1110 1683 1232 1743 quoque
1262 1665 1310 1728 de-

234 1786 409 1866 scriptionis
431 1783 515 1844 illius
534 1783 678 1846 conditio.
703 1783 799 1861 tQuid
821 1783 950 1844 antemi
991 1782 1208 1862 Ouuphriuane
1230 1805 1310 1846 men-

233 1905 308 1964 titus
333 1899 405 1962 est?
455 1901 535 1962 lium
563 1901 739 1980 phantasiae
764 1901 837 1962 ariae
863 1899 1030 1962 indulsisse
1065 1909 1151 1980 putat
1175 1903 1255 1978 Fen,
1282 1913 1312 1964 ut

233 1999 347 2100 qui'de
366 2017 477 2082 Verrio
500 2019 631 2094 Flacco,
656 2021 827 2093 fastorum,
852 2026 887 2080 ut
915 2026 1055 2100 putaret,
1081 2019 1310 2099 capitolinorum

232 2148 357 2202 astatore
391 2140 540 2218 cogitarit.
592 2139 722 2200 Verrius
757 2139 837 2200 enim
867 2137 1013 2199 Suetonio
1046 2144 1126 2198 teate
1155 2139 1186 2200 in
1215 2141 1331 2204 laemi-1

233 2258 321 2337 cyclo
348 2257 444 2320 iaatos
469 2277 486 2317 a
510 2275 544 2316 se
570 2255 725 2318 ordinatos
748 2257 926 2336 publicarat.
981 2257 1042 2331 qui
1068 2256 1141 2318 iasii
1163 2257 1212 2320 liis
1235 2267 1310 2322 tem⁴

233 2377 357 2456 poribus
394 2375 510 2438 detecti
544 2394 604 2436 non
639 2376 817 2436 consulares
852 2376 907 2438 sed
945 2375 1128 2450 calendarii,
1171 2383 1205 2438 ut
1239 2378 1330 2451 dixi„

166 2519 171 2524 ·
233 2495 305 2556 fasti
339 2502 428 2568 sunt,
462 2494 492 2554 id
520 2494 602 2572 quod
633 2495 782 2572 ignoravit
813 2496 979 2556 etiamtunc
1009 2495 1182 2556 Panrinius.
1234 2498 1308 2560 Sod-

220 2621 331 2674 'tsmen
360 2613 449 2672 valde
475 2612 600 2684 dubito,
630 2613 701 2688 quin
727 2615 780 2674 uir
797 2614 851 2674 ille
874 2613 1127 2687 candidissimus,
1152 2616 1180 2674 si
1205 2634 1309 2684 revera

230 2732 410 2812 quadratum
437 2731 560 2807 aliquod
585 2729 760 2794 aedilicium
787 2733 931 2806 vidisset,
959 2733 1055 2792 uilrilo
1084 2733 1183 2792 minus
1213 2733 1309 2796 hemi-

230 2854 311 2932 cycli
334 2851 373 2914 de
397 2849 497 2918 iormc
520 2850 613 2912 rerba
637 2849 774 2912 iecisset.
834 2852 1040 2932 Quamobrem
1060 2853 1086 2912 ai
1106 2851 1309 2914 demonstrari

230 2977 333 3050 potest
344 3013 359 3052 ‚A
391 2973 553 3032 mentitum
581 2989 650 3031 esse
679 2991 778 3049 neque
805 2971 961 3048 Ligurium
991 2989 1090 3050 neque
1119 2969 1309 3038 Puurinisrm.

229 3109 350 3152 errasse
375 3095 556 3166 utrumque,
587 3109 693 3171 magna
716 3096 789 3152 tuno
816 3087 985 3150 difficultas
1011 3095 1128 3151 remota
1153 3091 1222 3154 erit.

120 3223 186 3304 §.5
327 3207 433 3285 ltaque
462 3227 591 3268 necesse
627 3219 676 3270 eat
708 3208 984 3272 arrimadrertamua
1018 3207 1058 3270 ad
1092 3209 1187 3282 haec,
1230 3229 1307 3288 quac

228 3325 291 3386 iles
321 3325 359 3387 V.
394 3325 430 3388 D.
465 3327 583 3401 citarit,
619 3329 735 3408 bigotii
772 3329 882 3400 verba:
920 3332 1052 3408 „Quum
1085 3328 1169 3389 nulla
1192 3327 1308 3390 dedita

228 3461 320 3521 opera
354 3423 514 3504 iddiebant
547 3465 642 3525 propo
681 3446 768 3508 Viam
812 3447 933 3508 Sacram
969 3470 986 3508 e
1011 3449 1136 3528 regione
1167 3447 1309 3510 Fornicis

226 3561 354 3622 Fabiani
379 3577 437 3622 nee
465 3563 572 3640 proool
597 3565 636 3626 ab
661 3566 870 3638 enerciaco,
902 3565 1047 3628 Romanis
1071 3567 1120 3627 Aa
1146 3566 1211 3627 lmo
1232 3567 1309 3627 lano

226 3677 331 3751 dicto,
357 3680 411 3742 ubi
429 3681 476 3742 uta
502 3701 588 3742 sacra
609 3683 755 3746 dlacurrit
777 3685 808 3743 iu
835 3685 912 3745 ιίιιιι
938 3705 1045 3758 arwam
1072 3691 1105 3744 et
1127 3703 1204 3758 eam,
1231 3705 1308 3763 quae

226 3799 298 3861 olim
341 3799 379 3862 sd
414 3801 567 3878 antiquam
604 3811 722 3880 portam
765 3803 943 3884 lingoniam
978 3804 1146 3867 assurrexit
1180 3833 1221 3848 -
1258 3805 1308 3864 ubi

226 3935 319 3994 quum
345 3918 566 3999 detegerentur
593 3921 690 3984 multa
716 3929 893 3984 ornamenta
923 3921 1180 3992 architectonica,
1207 3923 1307 3982 statim

224 4011 388 4106 venibant,
425 4038 517 4099 aicuti
554 4041 649 4100 bosea
690 4049 826 4104 veneunt
863 4041 1059 4102 macellarlia.
1133 4037 1227 4100 Unde
1271 4041 1307 4100 ad

225 4158 343 4216 certum
378 4171 476 4229 usque
509 4156 673 4218 terminum
710 4157 857 4246 dignosci
880 4179 947 4222 nors
975 4157 1102 4244 potnit,
1139 4157 1221 4250 quid
1260 4159 1307 4220 rei

224 4275 310 4332 esset.
379 4269 450 4346 Qua
497 4274 616 4336 ratione
648 4291 741 4352 quum
783 4277 908 4340 modam
946 4275 1095 4338 iodiendo
1133 4275 1173 4338 sd
1207 4276 1309 4338 solum

223 4389 534 4470 appropinquassent,
569 4391 651 4452 nacti
679 4399 751 4451 aunt
786 4395 935 4456 laetorum
962 4393 1116 4456 tabulas.“
1180 4393 1239 4456 ilia
1275 4415 1311 4456 er

226 4507 329 4568 verbis
363 4507 495 4586 primum
529 4505 580 4582 qui
609 4509 724 4584 optime
759 4512 842 4572 novit
875 4513 961 4572 urbis
992 4511 1221 4592 topographiam
1248 4513 1312 4574 Fer
