2672 4904
237 231 292 306 no

122 397 219 510 §.hh
315 431 444 492 Numeri
461 387 592 491 Velleii⁴
603 424 814 504 chronologici
836 425 926 486 etiam
949 427 981 486 in
1003 425 1226 488 recentissimis
1252 429 1311 490 edi-

236 553 370 615 tionibua
396 550 467 612 ideo
493 555 553 610 tarn
577 547 713 626 corrupti
729 527 887 626 leguntur,
912 543 991 622 quia,
1015 531 1098 604 unde
1119 545 1222 606 omnia
1240 567 1311 626 pen-

209 655 321 746 'deur
348 671 462 734 Vinicii
484 668 620 731 conantia
638 687 735 729 annua
760 666 930 728 adulterari
949 664 1074 726 anaclet.
1124 663 1218 727 Hunc
1234 669 1310 730 euim

235 792 567 882 numerumpraebet,
601 807 681 869 quae
705 785 859 870 deperditi
885 784 1001 849 codicia
1027 787 1096 848 loco
1122 790 1187 856 eat,
1221 784 1310 846 editio

234 913 395 992 princeps:
431 908 714 971 D.000.LXXXL.
778 907 839 984 Qui
867 925 1031 978 uumerus,
1068 907 1201 990 αὐτοψίᾳ
1223 925 1241 966 a
1266 925 1311 966 me

59 1042 65 1050 ‘
155 1057 160 1060 ·
235 1029 429 1110 descriptus,
461 1029 555 1091 dubio
580 1029 689 1108 procul
722 1028 753 1088 in
779 1025 993 1119 nocuum
1019 1023 1228 1089 emendandae
1258 1033 1308 1088 eat

233 1147 317 1238 Quid
342 1151 422 1210 euim
456 1151 547 1210 unius
578 1147 687 1209 literae
722 1147 890 1208 mutatione
919 1145 1042 1207 facilius
1076 1143 1160 1207 cadit
1186 1145 1219 1206 iu
1243 1145 1308 1206 dor-

132 1279 151 1294 *
194 1303 196 1308 .
233 1269 391 1349 mirantem
409 1267 600 1333 librarium?
646 1267 810 1329 Sedtamen
834 1263 1103 1328 saracenicae
1130 1263 1326 1348 delibraria

114 1387 126 1397 ”
232 1389 375 1466 quidem,
401 1389 457 1448 aed
483 1388 523 1449 de
548 1387 643 1447 soliua
672 1385 851 1464 typothetae
875 1381 1046 1464 sphalmate
1075 1381 1206 1462 quodam
1231 1386 1308 1465 cogi-

232 1511 334 1568 temus
374 1506 466 1579 lioet,
514 1523 608 1583 quum
647 1505 737 1564 etiam
777 1503 799 1564 1.
820 1503 859 1564 ll.
896 1523 923 1564 o.
943 1503 984 1564 27
1035 1501 1130 1565 editio
1170 1506 1309 1584 princepe

96 1708 100 1716 1
232 1643 394 1690 numerum
415 1625 473 1686 XL
500 1621 666 1704 praebeat,
691 1629 869 1702 corruptum
896 1602 1001 1694 illum,
1029 1623 1126 1705 Beato
1150 1629 1248 1696 teste,
1276 1641 1308 1684 ex

233 1733 271 1804 eo
302 1761 395 1821 quera
431 1739 536 1804 codex'
563 1743 671 1804 habuit
701 1743 756 1808 ill.
829 1741 916 1804 Haec
949 1759 1022 1822 ergo
1059 1740 1168 1805 clamat
1197 1743 1310 1806 codicia

232 1851 538 1954 nortriffanctoritae.
622 1862 685 1924 Sed
715 1881 792 1940 quac
826 1844 865 1920 eu
896 1861 963 1940 ipso
1004 1860 1128 1924 Velleio
1161 1869 1310 1936 conatent,

231 1983 346 2063 accipe.
404 1983 469 2059 Qui
492 2027 511 2057 „
520 1977 670 2056 Lentulo,
693 1959 813 2060 inquit,
840 1986 873 2039 et
893 1979 1046 2042 Marcello
1073 1999 1151 2042 coac.
1175 1999 1207 2060 p.
1230 1959 1309 2042 use.

228 2101 317 2163 annia
343 2099 467 2163 ucclll
500 2077 574 2183 (ed.
601 2119 646 2180 pr.
676 2106 821 2178 corrupte
844 2097 965 2160 nccffl
992 2095 1144 2183 praebet)
1176 2107 1209 2160 et
1234 2121 1309 2162 anuo

186 2219 194 2231 '
229 2219 389 2293 Lxxilx,
415 2239 505 2297 quam
520 2225 575 2298 tu,
599 2217 713 2290 Vinici,
739 2217 931 2280 consulatum
956 2217 1062 2290 inires,
1089 2217 1205 2280 ballum
1221 2221 1307 2280 civite

229 2339 380 2400 exarcit.“
437 2337 544 2414 ltaque
579 2341 664 2398 annia
696 2340 740 2398 78
770 2357 840 2398 cum
872 2338 935 2399 7⁰8
972 2334 1162 2414 cdniunctia,
1196 2335 1308 2400 Vinicii

228 2456 420 2518 consulatum
452 2457 484 2515 in
517 2473 595 2522 anno
627 2474 658 2512 u.
687 2473 712 2513 c.
734 2453 795 2516 781
830 2453 963 2532 peritum
991 2455 1173 2516 invenimur.
1240 2455 1308 2516 Alio

227 2580 330 2638 autem
353 2573 423 2636 loco
448 2563 858 2647 veueiua„'con·u1arum‚
884 2573 999 2650 inquit,
1021 2573 1091 2634 iuiit
1113 2573 1228 2635 Caesar
1242 2585 1307 2654 port

227 2713 257 2754 ιι.
284 2712 312 2758 c.
336 2691 447 2753 abhinc
473 2691 559 2752 aunis
584 2689 804 2753 occinente
830 2689 965 2762 Luxu,
991 2710 1081 2768 quam
1107 2697 1157 2766 tu,
1184 2691 1232 2755 Μ.
1255 2691 1306 2754 Vi-

226 2811 307 2884 nici,
335 2811 525 2879 consulatum
551 2807 679 2871 inireet‘
735 2809 825 2872 Adde
850 2825 945 2872 annoa
972 2809 1016 2870 ’72
1040 2811 1127 2871 annaio
1154 2809 1219 2873 illia
1238 2814 1326 2890 'tlibi

227 2937 260 2992 et
285 2931 403 2992 orietur
432 2947 540 2988 ruram
570 2947 717 2990 annorum
749 2931 811 2990 781
842 2913 1002 3013 nummas-
1033 2927 1143 2992 'lbadit
1174 2917 1326 3009 denique*

226 3047 378 3119 Velleius,
397 3042 527 3108 ¹Aelium
548 3045 655 3107 (iatum
678 3054 711 3106 et
726 3049 864 3108 Sentium
887 3067 915 3127 p.
934 3069 965 3108 u.
988 3067 1017 3109 c.
1041 3047 1307 3122 coniunctim,

224 3164 336 3228 abhinc
372 3158 416 3245 (i.
441 3181 469 3222 e.
499 3147 570 3223 ante
599 3162 754 3224 Vinicium
782 3161 868 3248 cos.)
900 3167 987 3226 aunis
1013 3163 1134 3229 XXVll
1165 3149 1326 3230 conantem

138 3357 142 3364 .
224 3284 334 3348 iuiaoe.
383 3283 453 3361 Quo
479 3301 517 3342 ex
546 3281 664 3344 calculo
685 3303 782 3362 ¹quum
814 3285 939 3352 tertium
964 3284 1058 3345 iidem
1084 3285 1131 3346 illi
1159 3288 1233 3348 ιιιιιί
1248 3265 1326 3350 7811

224 3401 410 3473 efficiantur,
441 3401 509 3476 quia
535 3404 659 3479 estqui
687 3409 788 3482 neget,
814 3401 928 3464 Vinicii
954 3403 1144 3464 consulatum
1169 3405 1204 3466 in
1229 3424 1307 3466 anno

152 3563 159 3570 -
223 3539 252 3580 ιι.
277 3520 338 3582 781
362 3519 494 3598 positum
521 3536 591 3578 ease
618 3537 636 3578 a
661 3525 782 3594 noatro,
817 3527 909 3599 atque
936 3519 1008 3582 ideo
1032 3499 1167 3584 erratum
1195 3543 1307 3586 eaaea

221 3639 371 3716 Kranaia,
405 3638 445 3699 de
470 3657 548 3700 anuo
572 3637 653 3710 788,
679 3645 813 3700 erratum
840 3658 960 3718 quoque
991 3661 1008 3702 a
1030 3641 1241 3714 Frotachero,
1269 3642 1307 3702 de

222 3777 301 3825 anno
322 3758 387 3822 782
408 3757 581 3838 cogitante?
610 3787 652 3802 -·
758 3733 763 3745 ⁹

290 4005 292 4016 '
319 3998 524 4074 Quamobrem
549 3951 643 4076 quum
666 3995 807 4060 Velleiua
835 4000 866 4060 in
891 3999 977 4060 annia
1007 4003 1125 4062 tautum
1152 3962 1216 4065 nan
1243 4017 1307 4062 om·

188 4213 192 4222 ,
218 4117 309 4190 tribua
336 4115 380 4176 ita
411 4116 559 4231 rationem
583 4116 746 4226 iunatituepe
780 4118 896 4190 caleat,
936 4125 971 4178 ut
1000 4115 1164 4180 a-Viuieii
1193 4137 1306 4180 οοιιιιι-

217 4235 283 4300 tatu
310 4241 465 4298 nnana·
497 4239 660 4300 numeretr
695 4242 832 4316 apparet,
853 4227 1068 4298 emendatione
1096 4242 1204 4304 ababa
1237 4237 1306 4300 nni-

216 4337 339 4416 varaum
361 4351 539 4419 Velleianae
566 4353 781 4432 chronologiae
805 4352 954 4413 calculum
982 4355 1103 4421 mutari.
1155 4357 1194 4422 ld
1222 4355 1326 4448 qood,

1007 4459 1013 4468 ·
1325 4451 1326 4498 l
