2686 4906
1053 301 1102 382 lt

38 484 182 580 inierim(
220 506 282 569 Sed
313 507 363 570 vix
384 505 512 580 dunno,
545 507 618 584 quio
645 505 700 568 ille
733 515 786 570 aut
810 507 885 588 ipsiu
913 511 1003 576 scafis
1027 533 1107 578 mar-

39 627 144 688 morcis
165 633 222 688 ⁴aut
247 645 351 688 eorum
377 625 551 707 apographo
575 625 677 705 aliquo
704 645 779 690 usus
805 629 854 690 ait.

16 731 21 824 l
131 745 265 808 Semetia
304 747 397 826 igitur
440 745 579 808 omnibus
593 787 607 818 ‚-
640 747 672 806 ni
705 746 815 822 iallcr,
860 747 1108 826 comminuitur,
1129 743 1159 826 §·
1177 747 1221 808 1⁰

41 873 198 946 spretoque
214 865 396 941 Octaviano,
419 866 479 928 iam
501 863 709 942 quaerendum
732 867 808 941 erit,
833 885 994 946 quemnam
1016 871 1109 935 aliurn
1173 864 1197 905 *

40 987 183 1048 laetorum
208 1003 274 1064 cap.
298 991 454 1046 auctorem
479 983 659 1046 acciemnus.
714 986 817 1066 Atque
839 986 892 1050 hic
914 987 954 1050 de
980 1007 1110 1066 quonam

40 1107 134 1184 pcu'ns
160 1104 381 1184 cogitabimus,
410 1103 563 1182 quamde
592 1099 626 1165 0.
654 1101 748 1168 delio
774 1101 930 1182 Caesare,
963 1109 1111 1186 quicum

41 1225 180 1288 notoriae
224 1224 309 1284 iuxta
348 1221 525 1302 gloriaeque
570 1241 674 1284 amore
711 1222 859 1300 ardebat,
908 1233 975 1288 tum
1013 1227 1112 1292 iustos

42 1347 124 1406 etiam
151 1343 256 1406 ciuiles
280 1342 438 1404 correxit?
461 1372 504 1386 -
546 1342 610 1404 Sed
634 1349 763 1421 quaeret
787 1343 921 1408 semesae
949 1347 1111 1428 quispiam,

42 1462 153 1542 eoquod
185 1462 262 1526 mihi
294 1462 334 1522 ait
366 1461 459 1526 huirts
493 1460 541 1522 rei
565 1462 798 1526 tmomomomt
848 1465 920 1528 Non
952 1475 1019 1542 est,
1054 1469 1113 1532 aed

42 1601 134 1660 neque
161 1581 202 1644 de
228 1580 392 1642 Octaviano
417 1579 515 1644 ullum
539 1587 653 1656 exstat,
682 1589 716 1644 et
740 1585 863 1646 ommno
887 1586 1006 1649 nullam
1029 1587 1113 1650 deri-

44 1706 169 1766 deratun
220 1704 358 1778 Namque
374 1700 525 1764 fastorum
544 1701 800 1778 wlandariorum,
829 1706 939 1782 quibua
963 1707 1113 1768 tetriore

45 1826 106 1884 aooi
139 1824 240 1884 civilis
268 1821 346 1882 ratic
370 1825 488 1882 mutata
521 1827 589 1896 est,
622 1823 745 1901 publica
774 1826 925 1906 expositio
961 1831 1114 1906 tamquam

47 1945 145 2004 sommi
167 1963 223 2004 res
256 1943 403 2004 momenti
435 1943 567 2020 posteris
599 1941 777 2004 traderetur
802 1963 930 2006 necesse
959 1952 1044 2006 erate
1082 1952 1114 2008 ut

48 2081 111 2124 vero
137 2066 168 2124 ci
200 2062 273 2123 losti
304 2064 499 2137 consulares,
533 2079 662 2137 quorum
687 2079 748 2121 non
778 2063 1007 2124 anobilissima
1040 2082 1114 2142 qua,

48 2201 99 2258 qne
127 2179 244 2244 leonida
268 2179 328 2241 sed
350 2201 368 2242 a
387 2153 537 2258 ¹quolibet
573 2178 776 2242 Romanorum
807 2181 946 2263 exempla
977 2201 1114 2245 asserem

50 2303 145 2362 bantur
168 2335 212 2352 --·
238 2319 330 2362 nemo
363 2299 444 2359 enim
473 2297 536 2358 nisi·
559 2297 710 2358 fastorum
738 2299 943 2362 consularium
977 2321 1035 2382 ope
1060 2323 1115 2364 an.

49 2442 112 2483 norm
135 2439 349 2503 quemcunque
378 2418 571 2497 designabat,
605 2418 719 2498 nemini
740 2417 837 2510 ,festia
867 2419 977 2481 clarius
1003 2421 1115 2482 nobili-

50 2544 108 2603 tatis
135 2543 351 2602 documentum
379 2545 446 2600 erat
474 2567 516 2582 -
547 2537 652 2615 itaque
678 2537 704 2596 si
729 2537 802 2598 festi
831 2539 1006 2600 consuleres
1036 2559 1116 2604 ruar÷

50 2662 115 2720 mori
144 2661 233 2721 incisi
267 2666 301 2718 et
332 2657 433 2717 denuc
459 2655 590 2717 ordinati
620 2655 734 2734 populo
764 2657 861 2718 oblati
893 2663 998 2719 mont:
1038 2657 1116 2719 nihil

51 2777 120 2837 eliud
144 2777 294 2838 decidisse
318 2776 458 2849 videtur,
492 2795 580 2853 quum
606 2775 634 2834 si
662 2775 712 2834 his
736 2775 927 2854 temporibus
958 2777 1116 2856 publicum

51 2895 159 2976 aliquod
188 2895 380 2975 horologium
413 2895 525 2954 bonum
556 2891 635 2952 illud
668 2897 701 2951 et
732 2898 907 2953 accuratum
936 2901 1114 2974 exponatur.

51 3014 187 3077 loserviet
217 3014 297 3074 illud
331 3031 498 3094 pauperum
528 3009 676 3092 imprimis
718 3011 903 3088 commodo,
943 3014 1029 3074 urbis
1062 3033 1119 3094 per
1195 2993 1198 3000 ¹

51 3133 160 3212 aliquod
193 3137 315 3214 tempus
357 3149 458 3192 sermo
499 3131 575 3203 erit,
623 3129 680 3190 sed
721 3129 870 3193 historiae
908 3134 1033 3196 annales
1071 3139 1119 3196 te·

53 3254 162 3315 nebunt.

138 3373 265 3436 Constat
292 3371 404 3452 igitur,
433 3370 530 3433 fastos
562 3370 738 3432 consulares
764 3371 904 3434 (laeseris
933 3370 990 3432 sub
1016 3331 1118 3452 auspi-
1135 3371 1165 3452 ἓ.
1185 3373 1223 3434 ll

55 3493 98 3554 ciis
125 3493 339 3564 concinnator,
378 3491 411 3550 in
445 3491 523 3551 aede
555 3491 690 3554 Castoris
725 3491 835 3553 elliroa
872 3489 986 3551 deinde
1019 3509 1118 3570 usque

56 3611 86 3670 ed
122 3611 229 3690 templi
273 3609 449 3670 incendium
493 3611 542 3670 vel
592 3616 723 3690 stragem
770 3611 961 3672 continuator
1007 3610 1115 3672 inisse.

57 3728 151 3792 Postea
185 3749 260 3791 vero
295 3731 426 3810 Augusti
464 3731 522 3791 sub
554 3729 715 3810 auspiciis,
757 3731 876 3792 Tiberii
910 3730 1057 3809 impensis
1088 3736 1121 3788 et

56 3851 186 3932 templum
219 3855 252 3911 et
276 3849 348 3912 fasti
382 3850 483 3910 denuo
508 3865 717 3926 comparuere.
769 3849 832 3911 Sed
857 3850 908 3910 hic
939 3849 1006 3907 iure
1032 3845 1121 3909 nobis

21 4007 22 4010 =
57 3977 228 4048 opponetur,
252 3979 333 4050 *que
368 3967 543 4030 conditione
583 3972 652 4048 post
678 3943 872 4026 xincendium
904 3964 983 4026 illud
1023 3965 1120 4028 festos

56 4103 225 4151 marmoreos
257 4089 355 4150 fuisse
391 4095 513 4168 putem,
550 4088 612 4161 uti,
649 4086 759 4166 quilrus
791 4085 938 4177 Dionysio
965 4085 1121 4163 Livioque

57 4207 92 4266 uli
113 4227 171 4270 non
198 4209 342 4282 licuerit,
366 4207 461 4269 iidem
484 4225 563 4268 anno
584 4209 648 4269 766
674 4207 750 4268 salvi
775 4205 947 4285 integrique
972 4205 1005 4264 in
1030 4204 1120 4263 ritem

56 4326 197 4390 redierint.
248 4328 359 4406 Neque
384 4336 546 4406 negamus,
581 4325 773 4388 concidentis
799 4301 907 4405 templi
932 4323 1030 4385 ruinis
1058 4339 1121 4382 ma-

57 4443 136 4509 iorem
168 4446 338 4510 tabularum
367 4446 571 4508 consolarium
605 4416 721 4526 partem
752 4445 914 4508 contritam
948 4448 980 4502 ct
1012 4441 1121 4518 deper-
