2686 4906
1076 369 1103 442 5
1143 439 1148 446 .

42 566 114 630 illum
145 584 326 632 renovasse:
364 568 421 630 scd
452 574 554 630 tamen
587 565 670 628 idem
705 565 738 628 in
762 565 960 628 octovianum
992 568 1106 630 endere

42 686 82 746 uir
101 685 293 748 crediderim.
351 687 461 750 Obstat
488 685 568 746 eninr
595 689 628 745 et
651 685 748 766 ipsius
775 683 855 746 ratio
882 685 948 756 rei,
981 703 1019 745 er
1048 703 1105 764 qua

41 805 113 865 llluru
145 805 266 866 nonnisi
299 811 406 886 pacato
439 804 515 892 orbe
539 803 624 882 pacis
656 821 727 865 sese
751 803 870 866 artibus
897 803 1106 883 operibusque

41 922 147 985 dedisse
175 931 333 1003 putamus,
371 931 406 987 et
447 923 508 986 lroc
541 923 682 986 Suetonii
711 916 770 1002 ⁸)r
818 923 967 997 „Urbem
1004 941 1106 1002 neque

40 1061 84 1122 pro
119 1044 275 1106 maiestate
311 1043 435 1124 imperii
473 1049 612 1106 amatam
646 1043 782 1106 excoluit
814 1042 910 1117 adeo,
966 1051 1002 1105 ut
1037 1045 1106 1106 iure

39 1163 71 1222 rit
90 1162 249 1242 gloriatus,
282 1181 482 1224 marmoreum
508 1181 542 1224 se
567 1163 763 1242 relinquere,
796 1183 897 1253 qnam
924 1161 1113 1226 lateritiam·

42 1279 231 1367 accepisset.“
300 1279 441 1358 Denique
469 1284 533 1341 tcta
559 1270 698 1344 Suetonii
727 1279 768 1342 de
800 1281 950 1361 operibus
972 1282 1106 1361 publicis

39 1401 68 1460 ab
103 1419 154 1474 eo,
177 1399 342 1462 exstructis
383 1398 516 1460 narratio
558 1399 777 1479 imperatorem
812 1402 1007 1482 Augustum,
1044 1419 1107 1462 non

39 1495 238 1580 bannorum*
255 1518 448 1579 triumvirum
482 1518 641 1597 postulare
678 1519 811 1582 videtur.
877 1521 980 1598 Quare
1013 1530 1122 1601 orgus

38 1643 125 1699 necte
157 1637 206 1698 illi
239 1638 277 1699 ab
303 1655 391 1700 eraso
418 1637 544 1700 Antonii
570 1638 694 1700 nomine
726 1639 900 1719 petitoria
936 1639 1105 1721 respondet

38 1758 106 1819 lene
122 1757 160 1820 V.
176 1757 214 1818 D.
243 1757 406 1818 sententia.
455 1757 580 1819 Etenim
606 1757 690 1837 quod
715 1763 786 1839 post
808 1776 920 1820 anuum
945 1759 1018 1834 724,
1044 1777 1106 1839 quo

39 1877 62 1938 iu
83 1877 185 1938 urbem
207 1875 301 1937 rediit
326 1860 527 1952 Octarianum
557 1883 748 1940 erstnrotum
775 1883 824 1940 est
848 1877 1022 1940 aedilicium
1033 1923 1044 1956 ,
1072 1880 1104 1938 in

41 2012 69 2056 eo
86 1995 148 2076 ipsc
173 2001 245 2057 ante
269 1996 352 2056 hunc
376 2014 487 2056 anuum
514 2015 572 2057 nec
600 1996 675 2058 fasti
702 2001 843 2070 exstare,
869 1995 1103 2074 nequeAntouil

41 2132 134 2175 nomen
159 2113 261 2176 deleri
288 2111 399 2191 potuit.
432 2141 487 2182 -s
532 2111 595 2174 Sed
621 2111 729 2174 eadem
757 2113 840 2176 Feae
869 2115 1022 2176 sententio
1050 2113 1105 2174 illo

41 2235 93 2310 ipso
121 2233 284 2313 profitente
316 2247 386 2290 curu
413 2230 512 2294 altero
547 2236 653 2294 nostro
679 2239 858 2314 argumento
897 2225 1104 2314 (scriptorum

41 2351 218 2432 lapidumque
244 2349 481 2430 ffiacrepantinm
511 2346 598 2436 dico)
623 2350 715 2430 plene
742 2367 804 2414 uon
830 2355 984 2432 congruit.

64 2491 68 2504 ·
127 2475 229 2552 Quare
256 2487 348 2549 quum
374 2470 459 2532 Fene
488 2471 663 2550 opinionem
689 2471 815 2533 minime
837 2471 990 2532 auflioere
1013 2487 1105 2550 appa-

41 2597 112 2662 reat,
142 2587 352 2670 quaerendum
376 2589 460 2662 erit,
494 2591 676 2667 quibusnam
705 2589 758 2650 illa
780 2590 951 2652 rationibus
981 2591 1106 2653 nitatur.

41 2705 183 2785 Sequitur·
207 2711 310 2769 nutem
350 2707 415 2770 Fen
458 2707 586 2770 Petrum
630 2707 805 2788 Ligarium,
858 2710 910 2788 qui
955 2709 988 2770 in
1025 2704 1107 2768 libro

40 2827 154 2902 quodam
179 2827 429 2905 manuscripto,
467 2825 619 2904 quomodo
643 2843 723 2885 anno
748 2845 778 2903 p.
804 2826 879 2885 Chr.
905 2825 1106 2905 lbl'lprirua
1172 2895 1177 2900 ⁶

40 2943 172 3021 laetorum
198 2945 370 3024 dragmeuta
392 2943 506 3004 elicere
531 2941 669 3015 fuerint,
693 2949 836 3005 accurate
871 2943 1016 3006 narravit.
1065 2943 1106 3017 la,

39 3067 67 3121 ut
87 3063 233 3136 diximus,
263 3062 373 3124 danum
392 3060 638 3139 quadrifrontem
666 3060 827 3124 describit.
878 3063 1027 3126 Panvinio
1051 3081 1106 3122 en·
1184 3058 1190 3063 “

39 3189 103 3256 ten,
134 3181 254 3262 aequali
285 3181 368 3252 eius,
401 3179 621 3258 hemicyclium
657 3185 707 3240 est
737 3181 887 3243 fastorum
920 3181 1107 3244 aedificium.
1227 3235 1228 3242 ,

40 3297 150 3364 trinam
175 3301 271 3382 igilur
298 3299 379 3362 fides
408 3298 581 3383 habenda}
603 3330 645 3342 -
695 3298 853 3378 Ligoriunn
881 3299 1012 3380 pulchre
1041 3316 1106 3360 me-

42 3415 153 3480 hercle!
196 3417 390 3480 oommendat
429 3418 463 3479 in
502 3417 631 3497 epistola
667 3418 821 3480 coornari
857 3419 1017 3492 Neritius,
1055 3419 1109 3496 qui

39 3534 121 3600 „Non
146 3553 296 3617 possum,
324 3536 442 3614 inquit,
478 3535 536 3596 laec
557 3537 676 3597 ratione
702 3533 846 3600 omittere
873 3539 1024 3618 insignem
1053 3533 1107 3598 Li-

36 3654 100 3728 gorii
130 3657 362 3736 imposturam„
386 3655 438 3717 cui
471 3651 623 3715 familiare
656 3655 738 3735 fuit,
770 3675 831 3718 non
864 3651 989 3735 quidam
1018 3657 1109 3716 nona

33 3768 241 3856 inscriptiones
267 3775 469 3848 concinnare,
504 3773 587 3850 quod
614 3775 752 3836 Latinum
775 3775 910 3856 linguam
939 3773 1105 3853 ignorabat,

33 3889 82 3949 aed
115 3911 133 3954 e
161 3893 253 3955 festia
286 3893 408 3954 nomina
439 3890 600 3950 coerulum
635 3893 812 3953 exscribere
843 3909 940 3970 eaque
974 3893 1108 3952 vetustis

22 4005 277 4091 'inaeriptionibus
314 4013 500 4090 apponere.“
551 4010 594 4071 ut
619 4009 729 4085 eodem
759 4012 792 4072 in
816 4011 917 4073 libror
954 4011 1025 4084 „Aa
1050 4029 1105 4070 no-

33 4133 94 4187 runt
116 4131 235 4196 eruditi
260 4129 435 4210 Ligarium,
460 4129 564 4190 Latini
589 4131 740 4193 ammonis
765 4131 921 4211 ignarum,
953 4131 1000 4190 uti
1025 4130 1105 4190 eins·

37 4238 94 4308 lon
117 4251 258 4330 nequalia
282 4247 437 4312 Antonius
459 4250 652 4328 llirguminur
675 4251 707 4312 in
735 4244 856 4329 dialogo
881 4255 1028 4321 terimur,
1055 4249 1106 4309 la-

37 4393 312 4438 &NL-.-

71 4513 99 4582 8)
123 4493 201 4577 Suet..
224 4511 286 4576 oea
320 4543 342 4575 c.
366 4505 409 4576 29
532 4579 537 4596 Ι
