2672 4904
125 253 156 292 ⁵·
234 271 287 344 72

81 491 85 500 ⁴
233 466 356 552 rostrae
378 475 556 553 argumento
584 477 656 534 sunt
680 490 758 552 quae
780 469 875 537 cadit
888 475 1011 545 Liviust
1032 477 1219 561 „Proximo
1236 485 1308 540 auno

234 593 386 654 Samnites
402 592 434 652 in
449 591 600 654 Sentinati
620 610 708 671 agro,
735 591 871 687 Pelignis
888 594 927 656 aal
944 595 1108 658 Tifernum
1131 597 1307 660 Stellatibus

134 777 136 780 ,
234 711 348 789 campis
383 710 466 770 caesi
494 705 657 770 ruerunt.“
741 712 827 788 Quae
862 733 913 774 res
943 732 1036 792 quum
1054 704 1109 778 'ab
1134 719 1203 798 ipso
1229 717 1308 778 Livio

233 833 385 912 tamquam
407 849 425 888 a
449 828 545 888 Fabio
568 823 725 908 Decioque
755 850 833 891 coss.
859 845 965 911 gestae
990 836 1187 910 referantur,
1217 839 1259 896 ita
1281 842 1309 894 ut

234 941 339 1006 clades
363 939 416 1006 illa
445 947 485 1007 ad
507 941 671 1010 Tiiemum
694 955 726 1018 et
750 951 782 1010 in
811 951 991 1013 Stellatibus
1018 956 1131 1034 campis
1161 955 1234 1014 boc¹
1249 955 1308 1032 ipso

214 1058 340 1125 'XXXI
363 1060 462 1144 capite
488 1073 647 1128 narretur:
683 1069 803 1144 elucet,
837 1072 970 1132 verbaa
996 1074 1121 1154 Sigouio
1144 1075 1235 1134 citata
1258 1063 1323 1131 uui

235 1180 274 1242 an
296 1183 488 1244 Postumium
516 1189 549 1244 et
565 1185 693 1246 Atilium
718 1207 806 1264 coss,
833 1191 885 1266 qni
900 1191 1029 1260 Fabium
1049 1194 1240 1269 Deciumque
1266 1207 1305 1248 se-

235 1300 323 1377 quuti
346 1305 436 1376 sunt,
463 1305 620 1378 spectare,
648 1303 695 1384 „ita
720 1309 755 1363 ut
779 1276 937 1366 Postumio
962 1308 1119 1388 Atilioque
1143 1327 1220 1370 coss.
1244 1327 1305 1386 qua·

235 1417 425 1496 dragesimus
446 1412 561 1476 ‘sertus
593 1418 669 1478 belli
703 1420 861 1482 Samnitici
892 1443 989 1486 annus
1025 1433 1112 1486 actus
1148 1428 1197 1486 rit.
1258 1425 1306 1484 cui

236 1533 441 1593 emendationi
480 1553 531 1594 ue
551 1535 687 1596 calculus
718 1537 843 1615 quidem
881 1541 960 1602 Livii
997 1543 1231 1624 chronologicus
1265 1561 1306 1602 re-

235 1656 358 1736 pugnat.
415 1651 539 1723 Etenim
572 1671 665 1730 quum
691 1655 779 1718 Livio
806 1665 932 1720 auctore
958 1659 1084 1722 Valerio
1114 1669 1148 1723 et
1172 1661 1306 1723 Cornelio

236 1787 326 1842 coss,
361 1770 412 1846 qui
435 1787 472 1828 er
498 1770 614 1848 Sigonii
644 1773 759 1848 pariter
774 1781 881 1854 xutque
908 1753 950 1838 'ex
963 1747 1079 1840 ‘nostra
1102 1781 1308 1860 supputatione

52 1919 55 1927 ,
132 1941 161 1981 .·
236 1905 315 1950 anno
350 1886 413 1946 412
447 1886 550 1947 fasces
584 1874 777 1966 babuerunt,
813 1888 935 1955 Samnio
971 1898 1088 1960 beilum
1117 1899 1236 1960 illatum
1264 1898 1308 1967 sit,

114 2007 144 2052 Ἀ
190 2011 191 2014 ’
236 2023 316 2064 anno
344 2005 423 2078 457,
456 2022 548 2083 quem
573 2019 635 2066 'nos
665 1983 969 2074 Postumioconsuli
1004 2018 1210 2098 assignamus,
1244 2036 1307 2094 qua-

219 2115 427 2222 'dragesimps
450 2130 555 2186 sextus
584 2125 659 2186 belii
681 2127 845 2192 Samnitici
863 2151 959 2194 annus
987 2135 1142 2216 agebatur.

475 2423 480 2432 ’
589 2434 645 2502 ln
670 2460 829 2506 annum
858 2437 963 2512 489.

131 2607 220 2688 534.
338 2601 434 2662 Primi
458 2602 534 2664 belii
557 2605 668 2668 Punici
699 2611 819 2674 initium
842 2614 969 2675 biniano
998 2633 1035 2674 er
1067 2616 1186 2678 calculo
1214 2620 1243 2678 in
1264 2637 1307 2676 au-

191 2747 192 2750 *
238 2739 311 2782 uum
338 2721 400 2783 486
435 2721 591 2798 incidere,
627 2733 735 2807 auctor
763 2737 812 2791 est
840 2732 999 2813 Sigonius,
1031 2737 1219 2798 assentiente
1245 2737 1307 2796 Nie-

238 2838 361 2920 bubrio.
408 2839 507 2923 =Mihi
536 2861 610 2902 vero
643 2863 681 2906 ex
710 2847 785 2926 ipsis
814 2849 894 2910 Livii
925 2852 1047 2930 verbis,
1079 2871 1140 2914 nou
1179 2856 1323 2940 neglecta

239 2954 380 3017 codicum
404 2947 716 3040 auctoritate‚'plane
740 2967 798 3027 alia
820 2967 986 3030 efficienda
1010 2969 1165 3032 videntur.
1214 2957 1323 3033 Livias}

239 3074 320 3132 enim
349 3075 476 3135 librtas
499 3076 587 3136 initio
614 3079 721 3150 „Cum
740 3084 771 3142 iu
796 3093 932 3148 mentem
957 3091 1053 3167 venit,
1075 3092 1193 3168 inquit,
1218 3087 1308 3150 Lini

238 3207 332 3250 aunos
366 3182 438 3271 (tot
465 3191 546 3253 euim
568 3201 641 3256 suut
671 3201 809 3287 aprime
835 3191 970 3266 Punico
987 3207 1026 3267 ad
1059 3209 1229 3270 secundum
1252 3207 1309 3266 bel-

238 3309 303 3368 lum
325 3301 466 3396 finitum)
499 3330 596 3391 aeque
621 3317 718 3378 inmte
739 3320 892 3382 volumina
920 3343 1087 3404 occupasse
1111 3327 1207 3401 mibi,
1232 3345 1310 3404 quam

134 3490 137 3499 ,
240 3427 418 3504 occuparint
443 3427 662 3492 cobxxvin
691 3428 757 3516 (ita
779 3435 930 3524 codices)
955 3445 1026 3508 anni
1043 3459 1069 3504 'a
1094 3443 1219 3514 condita
1243 3444 1310 3504 orbe

239 3542 280 3606 ari
298 3545 356 3622 Ap.
372 3541 535 3632 Claudium
557 3565 620 3608 cos.
641 3557 700 3610 cet.
726 3583 769 3599 -
823 3559 885 3635 Qui
916 3560 969 3620 bic
1002 3579 1041 3622 ex
1068 3561 1228 3626 codicibus
1256 3569 1310 3623 tan·

238 3667 305 3722 tum
324 3679 385 3722 nou
404 3663 543 3726 omnibus
570 3699 610 3710 -
634 3687 704 3732 nam
730 3671 793 3734 ouo
818 3678 938 3740 nonnisi
953 3679 1094 3744 anxx
1114 3683 1265 3760 praebent
1280 3711 1311 3724 -

239 3781 357 3860 positus
396 3787 444 3842 est
495 3802 643 3849 numerus
686 3788 924 3869 cccxxviii,
976 3817 1046 3860 eum
1071 3799 1236 3888 ,Sigcmm
1289 3799 1323 3872 in

241 3896 460 3962 cccxxxvi
481 3909 661 3980 mutat‚'ex
680 3929 808 3972 numero
830 3911 860 3975 V
885 3922 986 3979 notam
1009 3917 1038 3978 li
1067 3916 1204 3992 iaciens,
1232 3925 1264 3980 et
1284 3893 1323 3976 eri

242 4013 360 4076 duabus
389 4021 557 4084 unitatibus
582 4025 609 4085 ii
641 4045 750 4089 rursus
784 4037 887 4094 notam
914 4033 945 4096 V
977 4035 1228 4114 conglutinare·
1260 4037 1312 4098 Not

75 4119 79 4128 ’
146 4181 149 4188 .
240 4150 316 4193 vero
339 4131 379 4192 ad
407 4137 479 4200 talia
511 4141 661 4214 ‘tentanda
692 4144 800 4208 ultima
825 4155 941 4212 tantum
967 4153 1152 4214 uecessitate
1178 4156 1311 4234 cogimur.

182 4245 199 4350 l'
240 4249 344 4312 Multo
365 4252 535 4332 simplicius
561 4259 757 4326 librariorum
785 4266 903 4328 incuria
928 4287 1018 4330 uuam
1042 4277 1144 4334 notam
1171 4271 1200 4334 X
1231 4275 1312 4334 omis-

240 4383 304 4426 sam
324 4387 393 4430 esse
419 4369 609 4456 statuentes,
638 4381 808 4444 scribemus
828 4383 1088 4452 cccxxxviii.
1140 4391 1224 4471 Ergo
1253 4411 1314 4454 com
