2686 4906
172 269 231 362 vl

172 461 337 557 antiquos
375 456 564 555 scriptores
604 454 666 551 qui
702 453 739 522 in
769 452 840 523 vita
869 448 963 524 civili
995 473 1066 523 uon
1101 473 1248 559 usurpa·

171 592 303 666 bantur
346 595 487 666 numeri
521 589 757 694 cbrondoqici
797 586 873 658 sive
918 587 1005 657 uani
1037 585 1131 658 crib
1165 609 1247 658 cou-

172 729 271 800 ditac
324 725 434 798 literis
485 719 670 793 mandati.'
734 703 861 818 ltaque
913 718 980 793 hac
1016 718 1114 792 *duae
1162 715 1282 826 nris·

171 860 294 956 magni
322 857 490 930 momenti
519 879 576 926 res
604 851 691 924 milri
714 850 918 926 tractandae
942 862 1063 927 erautz
1095 851 1249 948 primum

170 1002 212 1063 ut
245 1015 351 1087 quam
387 1013 528 1084 possem
564 986 864 1059 accuratissimum
903 982 1088 1056 consulum
1116 967 1249 1054 Roma·
1339 1061 1340 1072 χ

170 1093 296 1195 norum
334 1122 535 1220 catalogum
574 1120 805 1212 conticerem,
861 1117 987 1190 deinde
1009 1101 1064 1190 ¹'ut
1100 1119 1248 1198 circum·

96 1311 98 1316 -
170 1260 360 1356 spicercm,
393 1258 540 1352 numqui
569 1253 759 1350 scriptores
794 1251 935 1326 eosdem
970 1275 1062 1350 quos
1089 1249 1249 1324 Ntebub·

168 1389 242 1460 rius
270 1384 436 1460 numeras
460 1383 731 1483 chronologicos
758 1381 800 1456 ia
826 1385 981 1458 medium
1004 1383 1248 1484 protulissent

169 1527 216 1595 et·
242 1521 408 1618 insuper,
449 1545 534 1591 num
572 1519 725 1592 l'ortmsc
758 1521 960 1618 quicunque
992 1519 1089 1619 apud
1127 1545 1249 1600 omnes

167 1656 357 1752 scriptores
396 1652 565 1752 adscripti
605 1653 865 1756 invenirentur
882 1656 1026 1728 'numeri
1066 1653 1125 1726 ad·
1156 1653 1249 1728 idem

167 1813 290 1862 omnes
319 1799 473 1888 systema
504 1784 701 1860 reducendi
725 1787 864 1860 essent?
896 1829 945 1841 —

251 1953 480 2068 Quapropter
515 1965 670 2058 omnium
708 1965 860 2067 primum
897 1962 942 2036 ad
978 1965 1091 2044 fastos
1120 1942 1250 2073 consu{

166 2098 260 2170 lares
296 2097 504 2197 capitolinos
542 2102 697 2178 animum
727 2099 975 2174 convertimus.
1050 2099 1125 2196 Qui
1163 2101 1247 2174 fasti

166 2215 344 2338 capitolini
396 2230 477 2300 inde
523 2229 568 2302 ab
623 2229 812 2332 Onupbrio
853 2230 1049 2332 Panvinio²
1109 2210 1167 2304 cui
1212 2233 1249 2305 id
1327 2267 1332 2274 ·

164 2372 311 2470 propter
339 2388 416 2434 eam
441 2389 514 2462 'qua
543 2363 633 2434 vixit
662 2374 811 2435 aetatem
846 2363 962 2436 minus
992 2367 1078 2439 uitio
1109 2379 1248 2442 verten-

165 2495 250 2574 dum
279 2507 355 2593 est,¹
377 2472 491 2618 usspue
520 2495 565 2567 ad
592 2489 771 2572 Adamuur
798 2506 833 2568 et
857 2493 1147 2574 Grotcl'endtium
1160 2499 1248 2582 VV.

140 2630 251 2706 m).
281 2656 302 2701 a
331 2629 452 2701 multis
479 2629 619 2720 confusi
647 2640 732 2700 sunt
758 2655 838 2700 cum
867 2630 969 2706 fastis
994 2631 1248 2710 Praenestinis.

164 2762 239 2837 Sed
265 2763 314 2859 hi,
340 2789 360 2834 a
383 2763 514 2836 Verrio
534 2761 666 2834 Flacco
695 2763 894 2866 compositi,
928 2765 1136 2844 calendares
1163 2766 1248 2838 fasti

168 2908 272 2986 sunt,
297 2896 469 2999 singulos
499 2869 679 2996 cuiusque.
702 2901 833 2976 mensis
858 2895 934 2974 dies
962 2895 1008 2970 ad
1038 2923 1142 2974 usum
1171 2897 1248 2970 vul·

11 2987 35 3124 ‚a
164 3054 287 3128 garem
314 3023 516 3098 nominibus
537 3028 766 3122 consignatos
785 3027 1016 3122 praebentes,
1044 3031 1247 3130 nostrisque

163 3154 372 3240 calendariis
386 3154 572 3272 simillimi:
610 3155 663 3228 illi
686 3151 884 3286 consulum,
909 3184 1109 3252 censorum,
1135 3152 1246 3236 dictu·
1248 3243 1265 3260 .

161 3305 279 3366 torum
293 3305 331 3374 et
342 3263 592 3391 magistrorum
610 3289 769 3390 equitum
785 3271 927 3364 nomina
945 3270 1132 3387 exhibent,
1154 3297 1248 3394 capi·

161 3424 262 3510 tolini
288 3424 394 3514 dicti,
426 3427 509 3523 quia
533 3423 704 3497 Romae
692 3451 730 3495 ru
754 3421 931 3522 Capitolio
961 3423 1125 3501 collocati
1153 3439 1247 3503 sunt.

161 3548 303 3640 Horam
318 3555 492 3630 fastorum
514 3567 550 3630 ot
567 3567 688 3640 vetera
712 3567 748 3629 et
764 3583 856 3630 nova
877 3555 1077 3659 fragmenta
1095 3575 1247 3658 exstant,

159 3659 222 3800 illa,
247 3715 340 3762 anno
371 3685 498 3780 1517,
535 3687 707 3763 bacchis
736 3687 980 3798 temporibus,
1015 3721 1108 3768 auno
1137 3691 1247 3770 1816

161 3835 196 3904 et
229 3816 336 3894 1817
367 3822 509 3898 effossa.
581 3821 754 3910 Veterum
790 3823 1071 3926 fragmentorum
1101 3795 1248 3904 ultimus

162 3947 277 4060 editor
305 3951 468 4028 Goltzius
506 3956 592 4028 satis
626 3957 757 4032 multos
785 3963 945 4055 priorum
960 3959 1154 4034 editorum
1191 3990 1246 4035 er-

159 4113 258 4160 rores
286 4089 359 4160 suis
387 4099 423 4160 ct
452 4089 647 4162 temerariis
676 4091 901 4184 coniecturis,
929 4104 965 4165 et
988 4119 1175 4168 rumorum
1198 4097 1245 4171 ab

93 4265 104 4286 ι
159 4223 257 4326 ipso¹
281 4219 512 4315 confictorum
550 4219 841 4297 delineationihus
877 4225 985 4300 auxit
1062 4225 1176 4302 Cuius
1209 4244 1247 4304 et

160 4379 305 4448 errores
334 4365 377 4432 et.
407 4351 555 4450 turbs
590 4367 763 4456 φιιιιιίιιιιι
794 4357 834 4436 iu
878 4355 983 4438 nobis
1021 4363 1134 4444 situm
1168 4377 1247 4437 crat
