2686 4906
105 233 319 347 5⁶4.

314 403 468 492 Hernicus
494 459 535 470 -
561 433 595 488 ut
619 431 761 490 narrandi
786 429 905 490 initium
924 409 1082 510 iaciamus„
1098 463 1140 480 -
1165 437 1298 516 Loritur,

112 565 116 568 ·
219 553 271 629 qui
303 548 415 610 notiori
451 547 572 606 nomine
606 548 776 610 Glareanus
793 524 955 630 'appellari
986 552 1112 626 maluit,
1154 557 1299 633 patricius

219 667 433 738 Glaronensis,
471 665 682 727 Frobenianae
713 667 793 727 Livii
829 667 958 728 editioni
990 688 1069 729 auno
1100 653 1143 750 p...
1166 673 1241 734 Chr.
1273 695 1298 734 n.

125 819 130 826 «
190 749 192 754 V
220 788 301 848 1531
326 776 386 844 una
412 803 481 844 cum
508 783 687 847 doctissimo
713 787 930 846 commentario
949 787 1174 868 chronologiam
1201 794 1299 853 subic-

221 908 306 966 cerat
341 903 504 962 Livianam.
567 891 657 980 Quod
692 922 784 990 quum
822 904 861 964 de
894 905 1025 984 reliquis
1060 911 1298 972 annotationibus

220 994 385 1082 mihi'non
419 1021 460 1080 sit
490 1021 636 1080 iudicium
663 1021 845 1097 ferendum,
868 999 916 1081 'de
941 1023 1159 1104 chronologica
1186 1033 1298 1089 mntem

222 1139 478 1202 commentatione
515 1142 684 1218 profiteor,
729 1159 799 1199 eum
838 1141 911 1200 satis
947 1147 1066 1202 temere
1103 1145 1297 1224 Dionysianae

108 1312 116 1326 ,
223 1255 436 1335 chronologiae
462 1257 501 1328 ad
530 1277 665 1318 normam
692 1277 796 1319 omnes
825 1259 904 1318 Livii
923 1263 1072 1322 'numeror
1101 1264 1296 1342 applicuisse,

220 1392 322 1450 neque
348 1380 450 1432 tamen
480 1374 551 1434 ideo
584 1380 666 1433 tarrta
699 1394 768 1434 eum
795 1376 1015 1438 inhumanitate
1047 1374 1213 1462 a‘Sigonio
1239 1391 1298 1444 erat

222 1490 412 1570 carpendus,
435 1492 538 1567 quiin
566 1491 693 1566 scholiis
716 1493 779 1554 suis
806 1494 957 1568 Liuianis,
993 1516 1071 1558 anno
1094 1501 1177 1561 1555
1202 1501 1296 1574 editis,

221 1610 303 1668 inter
334 1608 393 1668 alla
418 1609 531 1681 multa,
573 1600 650 1688 quac
686 1611 812 1688 opponit
842 1613 907 1672 viro
939 1615 985 1674 illi
1019 1615 1215 1696 doctissimo,
1252 1619 1294 1678 acl

222 1725 301 1786 illud
326 1727 556 1804 pronunciavit,
572 1709 684 1804 „eam
709 1749 751 1789 ne
776 1728 893 1792 adiisse
921 1733 1052 1822 quidem
1076 1734 1176 1800 libros
1201 1759 1294 1800 mana

92 1917 97 1926 ⁸
189 1856 191 1859 ’
222 1845 359 1927 scriptos
383 1841 525 1922 videri,“
550 1847 685 1923 quamvis
711 1842 829 1926 libros,
863 1848 1006 1932 codices,
1032 1857 1226 1919 vetustiores
1252 1878 1295 1918 co·

223 1961 310 2023 dices
343 1963 455 2040 passim
494 1945 683 2024 collaudarit.
751 1965 847 2040 Sane,
881 1968 937 2026 red
964 1989 1111 2050 nusquam
1156 1975 1296 2036 librorum

223 2082 527 2164 manuscriptorum
545 2101 603 2162 ope
620 2083 739 2142 Livium
763 2104 796 2143 se
819 2087 999 2150 emendasse
1022 2069 1188 2170 gloriatur,
1214 2096 1296 2172 eique

224 2228 265 2242 -
287 2183 325 2257 id
345 2197 427 2274 quod
455 2204 623 2258 memoratu
653 2199 776 2278 dignum
802 2233 843 2246 -
874 2205 996 2268 codices
1023 2209 1100 2268 nihil
1125 2210 1211 2272 alind
1234 2221 1296 2272 sunt

226 2317 285 2376 nisi
319 2314 469 2382 editiones
481 2337 495 2388 ‚¹
533 2315 604 2376 libri
639 2320 720 2396 typis
754 2323 909 2398 expressi,
945 2323 977 2382 id
1015 2327 1097 2402 quod
1130 2329 1296 2408 planissime

227 2433 332 2492 elucet
358 2453 396 2494 ex
420 2435 515 2512 ipsius
536 2433 575 2494 V.
602 2434 638 2492 l).
653 2436 764 2525 =verbis
800 2458 864 2510 „se
887 2425 1117 2522 'chronologiam
1143 2466 1227 2508 suam
1245 2447 1295 2508 Li-

146 2520 148 2523 ·
228 2551 370 2626 „viariam
414 2550 486 2610 ideo
529 2553 658 2640 seorsim
697 2555 807 2616 excudi
844 2577 989 2650 curasse,
1047 2570 1081 2624 ut
1119 2566 1173 2643 qui
1217 2573 1297 2626 anna

227 2668 336 2744 „Livii
370 2669 493 2736 codices
533 2671 683 2747 habeant,
732 2676 851 2752 qnando
887 2697 949 2738 non
986 2683 1126 2743 omnibus
1170 2686 1297 2748 eandm

227 2788 429 2864 „authorem
460 2789 508 2854 bis
532 2811 640 2870 parare
664 2795 856 2856 commodum
886 2799 943 2872 sit,
975 2807 1103 2880 possent
1126 2779 1220 2866 etiam
1246 2805 1297 2866 hoc

225 2929 310 2984 „suo
347 2910 426 2970 frui'
444 2911 588 2982 labore.“
666 2914 768 2989 Quare
807 2934 867 2975 non
902 2918 933 2976 in
973 2918 1142 2994 mendacio,
1182 2923 1238 2984 sed
1270 2925 1296 2982 iu

189 3095 192 3102 ,
225 3046 339 3088 errore
382 3027 437 3087 illo
485 3030 558 3088 satis
611 3031 743 3090 mirabili
794 3042 972 3111 perseverat
1010 3037 1200 3116 Glareanus,
1251 3044 1296 3122 qul

194 3132 196 3134 ’
224 3145 256 3203 in
283 3142 412 3220 epistola
443 3143 483 3204 ad
514 3145 698 3226 Hervagium
734 3153 955 3230 typographum
989 3159 1081 3218 missa
1119 3161 1232 3242 „Ego,
1256 3163 1297 3222 in·-

225 3262 309 3342 quit,
343 3261 394 3340 qui
422 3279 460 3321 er
494 3261 657 3350 collatione
682 3267 848 3332 mullorum
884 3273 1102 3363 exemplarium
1139 3285 1186 3339 tot
1218 3281 1296 3341 locos

226 3377 436 3454 emendarim,
468 3369 574 3439 audire
601 3382 718 3456 debeo,
752 3379 922 3447 Glareanus
956 3408 1016 3450 non
1044 3383 1152 3455 habuit
1182 3399 1295 3476 antiqua
1325 3403 1326 3472 l

226 3493 441 3571 exemplaria.“
500 3495 662 3570 ceterum,
701 3519 778 3576 quac
811 3481 843 3564 in
879 3505 987 3567 endem
1017 3510 1071 3572 illa
1099 3515 1228 3592 epistola
1256 3517 1295 3576 lc·

226 3617 338 3694 guntur
374 3611 466 3684 „Nae
495 3611 549 3674 ille
575 3611 629 3674 diu
656 3619 845 3696 exspectabit
870 3642 888 3682 a
912 3643 964 3686 me
989 3617 1085 3690 ullum
1111 3649 1295 3712 responsum,

225 3731 284 3792 nisi
320 3747 422 3800 mores
457 3733 637 3807 mutaverit3
675 3734 847 3799 Christiano
876 3746 951 3818 puto
983 3747 1096 3808 mum
1132 3767 1189 3828 pro
1222 3752 1295 3812 malo

224 3868 285 3908 non
312 3867 382 3910 esse
410 3847 604 3912 reddendum
614 3855 652 3914 “2
685 3873 785 3916 nonne
810 3858 889 3920 haec
912 3861 985 3922 boni
1010 3866 1092 3924 senis
1117 3870 1212 3930 verba
1236 3869 1294 3948 epi-

225 3964 333 4026 stolam
358 3967 442 4028 illam
466 3971 561 4030 invito
586 3951 743 4052 inscioque
769 3951 921 4056 scriptule
947 3998 966 4040 a
990 3981 1121 4061 mallgoo
1149 3987 1209 4048 isto
1237 3985 1293 4046 llo·
1325 4023 1326 4058 ,

218 4080 357 4144 ›bortello
396 4086 428 4144 in
474 4086 576 4148 lucem
620 4063 804 4167 protractam
823 4149 827 4154 .
844 4114 914 4157 esse
953 4097 1146 4162 ostendunt?
1207 4103 1294 4164 Culus

223 4197 370 4278 epistolae
396 4201 530 4266 editione
557 4205 634 4266 nihil
658 4208 743 4270 alind
770 4213 943 4292 protectum
972 4222 1037 4290 est,
1067 4219 1126 4282 nisi
1151 4227 1187 4284 ut
1212 4223 1292 4302 Sigo-

221 4318 290 4378 nius
329 4319 441 4380 iterum
479 4327 511 4379 et
546 4325 665 4388 minore
695 4329 786 4390 etiam
824 4349 893 4390 cum
931 4332 1118 4400 humanitate
1156 4340 1294 4402 Glareaai
