2672 4904
1025 302 1102 386 rit

36 508 224 586 sequipsrsre
256 503 417 568 videretur
449 502 490 569 oi.
504 501 580 570 Μ.
636 504 751 570 Postea
783 525 857 568 vero
873 525 1034 589 -pusm-ex
1058 509 1106 592 ip-

35 625 93 686 rins
117 621 252 690 isrtssso
273 625 364 687 lisbti
390 623 494 686 verbis
520 643 584 688 non
608 625 652 688 oi.
665 621 729 690 90³
759 625 816 687 sed
846 625 888 688 ol.
903 617 968 690 ⁰8²
998 629 1106 692 orbern

36 747 143 822 osptsnr
179 761 250 805 esse
279 743 438 824 cognorit,
459 741 674 807 suitidentern
708 745 920 808 consulatuum
946 761 1106 808 numerum

36 862 139 924 onisit.
166 949 170 964 ι
648 861 652 870 ’

122 1003 151 1064 i.
191 1001 227 1064 L.
253 997 413 1064 Valerium
445 1001 581 1064 Potitum
607 981 820 1090 (Niebuhrins
838 979 962 1066 'errore
986 999 1107 1068 'duetus

34 1117 65 1178 h.
87 1117 267 1181 Lucretium
293 1115 427 1207 scribit)
455 1121 503 1186 Μ.
535 1121 687 1185 Manlium
715 1141 793 1186 eoss.
826 1121 1021 1202 pestilentiae
1049 1123 1107 1184 im·

33 1235 167 1316 pliciter,
200 1215 378 1318 megistrstn
412 1257 447 1300 se
484 1239 643 1302 abdicasse
676 1238 752 1302 dicit
784 1239 899 1303 Livius.
956 1239 999 1302 nt
1031 1239 1107 1302 mihi

33 1355 150 1433 quiden‘s
194 1351 286 1419 stt'is'
313 1335 481 1420 rerisinriie
525 1377 595 1421 esse
635 1355 780 1433 videtur,
829 1357 974 1422 eonsules
1010 1359 1107 1420 veluti

32 1473 155 1537 deornm
185 1475 232 1538 irs
260 1475 370 1539 morbo
401 1477 530 1540 offertos
564 1475 720 1558 rebusque
751 1477 895 1559 gerendis
927 1480 1060 1560 imperes
1088 1497 1107 1540 s

30 1594 200 1673 nogismn
224 1602 341 1658 smotos
364 1613 445 1658 esse.
500 1596 599 1656 (isere
626 1603 715 1676 esptn
739 1614 801 1656 non
830 1597 1008 1658 oonsulibus
1030 1596 1106 1657 sitio

30 1715 101 1774 verti
129 1719 264 1794 poterut.
323 1713 366 1776 itt
388 1716 416 1775 si
439 1731 556 1794 poenus
590 1731 698 1776 esnsso
728 1716 973 1789 emotionem,
999 1711 1108 1776 debito

31 1830 93 1908 quin
116 1835 221 1896 ststisn
245 1837 317 1913 post
340 1833 477 1896 interrex
501 1833 604 1896 tsotns
632 1829 748 1896 iuissst
772 1833 808 1896 L.
833 1829 987 1896 voionus

120 1995 151 2054 2
196 1991 286 2052 Anno
308 1991 381 2070 'esp
404 1991 469 2052 842
498 1991 621 2070 urgenti
652 2007 790 2092 ennonee
823 1991 942 2052 eeritsti
970 1987 1107 2052 dimissis

31 2111 100 2174 uiros
146 2124 253 2168 omnes
291 2106 422 2186 populos
456 2106 565 2186 legetis
602 2106 641 2168 ed
679 2103 868 2168 frumentum
907 2101 1107 2170 mercandum

31 2229 209 2290 subventum
240 2227 314 2294 est„
369 2224 508 2303 Superbe
540 2225 578 2286 eb
611 2223 798 2286 Samnitibus
835 2225 930 2306 legati
960 2225 1108 2306 prohibiti

31 2343 211 2409 commertio
236 2347 327 2404 sunt:
362 2347 468 2404 oontro
494 2362 532 2404 eo
555 2343 687 2424 benigne
712 2343 750 2406 eh
773 2341 945 2406 Siculorum
970 2347 1108 2424 ursonis

31 2465 122 2526 udiuti
151 2457 223 2550 ³⁶).
273 2463 380 2524 Annus
405 2459 457 2522 hie
488 2461 520 2522 in
552 2459 594 2524 ol.
608 2455 673 2526 922
704 2459 825 2526 incidit.
875 2463 978 2543 Quare
1014 2484 1108 2543 quum

31 2584 111 2645 initio
136 2566 319 2663 oiyrnpiedis
335 2577 419 2638 illius
442 2577 572 2639 devietis
596 2579 741 2642 s'Sioniis
750 2583 991 2648 Atheniensibus
1007 2585 1108 2648 omnin

32 2703 136 2780 gondio
169 2698 343 2782 prsedsque
379 2696 470 2776 plens
505 2702 628 2771 essent,
666 2697 760 2759 isoile
785 2695 863 2762 'fleri
902 2701 1037 2779 poterit,
1072 2707 1109 2762 nt

32 2818 212 2901 singularum
246 2815 421 2880 eivitatium
439 2810 606 2891 δημωγωγιὶ
630 2815 695 2876 sive
719 2832 827 2878 revere
866 2818 989 2896 tyranni
1020 2816 1107 2880 ediu-

32 2942 126 3003 serint
152 2939 318 3002 itomsnos.
368 2937 478 3015 Neque
502 2935 596 3016 igitur
620 2951 691 2996 eum
718 2935 890 2996 Niebubrio
915 2934 956 2996 de
984 2935 1025 2996 ol.
1040 2907 1108 2999 (δι’Ι

34 3059 213 3138 rugientes,
255 3075 349 3122 nnusn
381 3053 561 3137 liionysium
593 3057 755 3134 tymununs
786 3053 903 3120 dietum
941 3067 1013 3117 esse
1051 3073 1127 3136 pu-·

34 3177 164 3240 terimus.
682 3195 683 3202 ¹

123 3339 154 3402 8·
187 3336 276 3398 Anno
308 3333 373 3397 822
402 3331 443 3393 ol.
468 3322 532 3394 87²
570 3327 838 3407 cntnsginiensos
879 3330 1010 3408 primurn
1052 3347 1109 3408 per

35 3454 195 3518 seditiones
219 3451 391 3516 Siculorum
413 3445 454 3512 sd
476 3447 570 3529 pertis
597 3446 725 3508 ulterius
747 3445 896 3521 suxiiinrn¹
916 3447 949 3508 in
972 3445 1108 3510 Sieilism

36 3575 197 3638 exereitum
220 3570 382 3636 trnieoere.
431 3565 479 3630 its
497 3565 603 3630 Livius
625 3571 734 3628 sueton
758 3571 816 3626 est
866 3568 1010 3645 Quemvis
1027 3563 1109 3644 opud

36 3688 104 3753 slios
129 3691 296 3772 scriptores
318 3700 380 3746 non
403 3684 458 3746 nst
473 3663 613 3756 ‘mentio{
644 3657 747 3742 tumen
769 3679 885 3740 diserte
909 3681 989 3740 Livii
1013 3679 1108 3740 serbo

37 3806 72 3868 itu
102 3810 213 3872 muteri
247 3804 314 3867 vult
352 3801 562 3873 Niebuhrins‚
604 3804 641 3858 nt
670 3798 704 3860 in
735 3797 944 3860 Athenienses
976 3795 1108 3858 endunt:

14 3921 64 4002 ¹id
88 3927 170 4005 qued
199 3927 276 3989 nniiri
299 3920 445 3986 sudsoins
479 3935 568 3996 quern
593 3917 710 3978 reotius
735 3915 853 3976 dietum
878 3933 949 3977 esse
973 3914 1108 3992 videtur,

15 4043 211 4120 'preesertim
243 4040 407 4124 quumvis
431 4034 599 4123 innotuerit
623 4033 748 4098 iliorum
773 4038 947 4114 temporum
978 4034 1108 4100 historin
1135 4047 1137 4054 ’

38 4157 142 4228 Sionis.

76 4421 126 4498 86)
147 4429 206 4483 Vid.
228 4424 368 4480 tinioso
390 4436 407 4474 ιι
429 4414 581 4474 Niebuhrio
602 4411 698 4471 citato.
