<?xml version="1.0" encoding="UTF-8"?>
<!DOCTYPE html PUBLIC "-//W3C//DTD XHTML 1.0 Transitional//EN"
    "http://www.w3.org/TR/xhtml1/DTD/xhtml1-transitional.dtd">
<html xmlns="http://www.w3.org/1999/xhtml" xml:lang="en" lang="en">
 <head>
  <title>
</title>
<meta http-equiv="Content-Type" content="text/html;charset=utf-8" />
  <meta name='ocr-system' content='tesseract 3.04.00' />
  <meta name='ocr-capabilities' content='ocr_page ocr_carea ocr_par ocr_line ocrx_word'/>
</head>
<body>
  <div class='ocr_page' id='page_1' title='image "./fasticonsulares00laurgoog_0031.png"; bbox 0 0 2686 4906; ppageno 0'>
   <div class='ocr_carea' id='block_1_1' title="bbox 100 458 1334 4236">
    <p class='ocr_par' dir='ltr' id='par_1_1' title="bbox 100 458 1334 4236">
     <span class='ocr_line' id='line_1_1' title="bbox 218 458 1334 554; baseline -0.004 -22"><span class='ocrx_word' id='word_1_1' title='bbox 218 490 309 554; x_wconf 86' lang='lat' dir='ltr'><strong>posse</strong></span> <span class='ocrx_word' id='word_1_2' title='bbox 335 458 519 551; x_wconf 71' lang='lat' dir='ltr'><strong>computari,</strong></span> <span class='ocrx_word' id='word_1_3' title='bbox 544 477 581 533; x_wconf 87' lang='lat' dir='ltr'><strong>ut</strong></span> <span class='ocrx_word' id='word_1_4' title='bbox 608 469 746 545; x_wconf 71' lang='lat' dir='ltr'><strong>deeset,</strong></span> <span class='ocrx_word' id='word_1_5' title='bbox 771 489 822 532; x_wconf 86' lang='lat' dir='ltr'><strong>eos</strong></span> <span class='ocrx_word' id='word_1_6' title='bbox 848 471 897 532; x_wconf 80' lang='lat' dir='ltr'><strong>vel</strong></span> <span class='ocrx_word' id='word_1_7' title='bbox 923 472 983 534; x_wconf 86' lang='lat' dir='ltr'><strong>lroo</strong></span> <span class='ocrx_word' id='word_1_8' title='bbox 1008 469 1047 532; x_wconf 92' lang='lat' dir='ltr'><strong>ad</strong></span> <span class='ocrx_word' id='word_1_9' title='bbox 1072 469 1224 551; x_wconf 77' lang='lat' dir='ltr'><strong>templum</strong></span> <span class='ocrx_word' id='word_1_10' title='bbox 1249 473 1297 534; x_wconf 86' lang='lat' dir='ltr'><strong>vel</strong></span> <span class='ocrx_word' id='word_1_11' title='bbox 1331 490 1334 528; x_wconf 84' lang='grc' dir='ltr'>ι</span> 
     </span>
     <span class='ocr_line' id='line_1_2' title="bbox 214 589 1334 669; baseline -0.005 -15"><span class='ocrx_word' id='word_1_12' title='bbox 214 592 256 654; x_wconf 86' lang='lat' dir='ltr'><strong>ad</strong></span> <span class='ocrx_word' id='word_1_13' title='bbox 274 591 384 655; x_wconf 80' lang='lat' dir='ltr'><strong>lanum</strong></span> <span class='ocrx_word' id='word_1_14' title='bbox 404 589 647 669; x_wconf 71' lang='lat' dir='ltr'><strong>quadrifrontem</strong></span> <span class='ocrx_word' id='word_1_15' title='bbox 670 591 836 668; x_wconf 82' lang='lat' dir='ltr'><strong>pertinere.</strong></span> <span class='ocrx_word' id='word_1_16' title='bbox 890 590 953 652; x_wconf 85' lang='lat' dir='ltr'><strong>Sed</strong></span> <span class='ocrx_word' id='word_1_17' title='bbox 971 592 1034 652; x_wconf 84' lang='lat' dir='ltr'><strong>Fea</strong></span> <span class='ocrx_word' id='word_1_18' title='bbox 1047 589 1085 653; x_wconf 86' lang='lat' dir='ltr'><strong>V.</strong></span> <span class='ocrx_word' id='word_1_19' title='bbox 1106 591 1143 651; x_wconf 84' lang='grc' dir='ltr'><strong>Ι).</strong></span> <span class='ocrx_word' id='word_1_20' title='bbox 1159 591 1297 654; x_wconf 78' lang='lat' dir='ltr'><strong>Castoris</strong></span> <span class='ocrx_word' id='word_1_21' title='bbox 1333 608 1334 648; x_wconf 83' lang='grc' dir='ltr'>ι</span> 
     </span>
     <span class='ocr_line' id='line_1_3' title="bbox 214 707 1296 788; baseline -0.002 -14"><span class='ocrx_word' id='word_1_22' title='bbox 214 710 287 774; x_wconf 81' lang='lat' dir='ltr'><strong>sedi</strong></span> <span class='ocrx_word' id='word_1_23' title='bbox 316 716 381 772; x_wconf 84' lang='lat' dir='ltr'><strong>tres</strong></span> <span class='ocrx_word' id='word_1_24' title='bbox 405 709 563 771; x_wconf 79' lang='lat' dir='ltr'><strong>oolnmnas</strong></span> <span class='ocrx_word' id='word_1_25' title='bbox 588 710 680 788; x_wconf 83' lang='lat' dir='ltr'><strong>vulgo</strong></span> <span class='ocrx_word' id='word_1_26' title='bbox 705 709 776 770; x_wconf 85' lang='lat' dir='ltr'><strong>aedi</strong></span> <span class='ocrx_word' id='word_1_27' title='bbox 801 707 917 772; x_wconf 84' lang='lat' dir='ltr'><strong>Vestae</strong></span> <span class='ocrx_word' id='word_1_28' title='bbox 948 710 1111 776; x_wconf 83' lang='lat' dir='ltr'><strong>attributas</strong></span> <span class='ocrx_word' id='word_1_29' title='bbox 1138 711 1296 772; x_wconf 76' lang='lat' dir='ltr'><strong>ascriben-</strong></span> 
     </span>
     <span class='ocr_line' id='line_1_4' title="bbox 215 821 1334 913; baseline -0.001 -21"><span class='ocrx_word' id='word_1_30' title='bbox 215 831 271 892; x_wconf 83' lang='lat' dir='ltr'><strong>das</strong></span> <span class='ocrx_word' id='word_1_31' title='bbox 299 847 369 890; x_wconf 88' lang='lat' dir='ltr'><strong>esse</strong></span> <span class='ocrx_word' id='word_1_32' title='bbox 395 833 501 890; x_wconf 89' lang='lat' dir='ltr'><strong>oenset</strong></span> <span class='ocrx_word' id='word_1_33' title='bbox 522 821 594 913; x_wconf 78' lang='lat'>²1).</span> <span class='ocrx_word' id='word_1_34' title='bbox 657 830 690 890; x_wconf 88' lang='lat' dir='ltr'><strong>Si</strong></span> <span class='ocrx_word' id='word_1_35' title='bbox 714 827 754 889; x_wconf 87' lang='lat' dir='ltr'><strong>ad</strong></span> <span class='ocrx_word' id='word_1_36' title='bbox 777 829 857 890; x_wconf 87' lang='lat' dir='ltr'><strong>hano</strong></span> <span class='ocrx_word' id='word_1_37' title='bbox 883 830 1065 890; x_wconf 82' lang='lat' dir='ltr'><strong>sententiam</strong></span> <span class='ocrx_word' id='word_1_38' title='bbox 1092 830 1296 907; x_wconf 78' lang='lat' dir='ltr'><strong>pronnneim·</strong></span> <span class='ocrx_word' id='word_1_39' title='bbox 1332 851 1334 910; x_wconf 71' lang='grc' dir='ltr'>ι</span> 
     </span>
     <span class='ocr_line' id='line_1_5' title="bbox 177 947 1295 1027; baseline -0.004 -12"><span class='ocrx_word' id='word_1_40' title='bbox 177 1011 179 1015; x_wconf 22' lang='grc' dir='ltr'>ι</span> <span class='ocrx_word' id='word_1_41' title='bbox 215 949 286 1012; x_wconf 86' lang='lat' dir='ltr'><strong>dam</strong></span> <span class='ocrx_word' id='word_1_42' title='bbox 314 949 450 1027; x_wconf 81' lang='lat' dir='ltr'><strong>ipsarum</strong></span> <span class='ocrx_word' id='word_1_43' title='bbox 483 947 569 1008; x_wconf 86' lang='lat' dir='ltr'><strong>aedis</strong></span> <span class='ocrx_word' id='word_1_44' title='bbox 597 947 761 1010; x_wconf 78' lang='lat' dir='ltr'><strong>Castoreae</strong></span> <span class='ocrx_word' id='word_1_45' title='bbox 786 949 984 1026; x_wconf 84' lang='lat' dir='ltr'><strong>reliquiorum</strong></span> <span class='ocrx_word' id='word_1_46' title='bbox 1010 967 1080 1008; x_wconf 90' lang='lat' dir='ltr'><strong>oum</strong></span> <span class='ocrx_word' id='word_1_47' title='bbox 1112 947 1163 1008; x_wconf 80' lang='lat' dir='ltr'><strong>luis</strong></span> <span class='ocrx_word' id='word_1_48' title='bbox 1196 950 1295 1012; x_wconf 82' lang='lat' dir='ltr'><strong>tribus</strong></span> 
     </span>
     <span class='ocr_line' id='line_1_6' title="bbox 213 1065 1334 1147; baseline 0 -19"><span class='ocrx_word' id='word_1_49' title='bbox 213 1067 365 1130; x_wconf 83' lang='lat' dir='ltr'><strong>oolnmnis</strong></span> <span class='ocrx_word' id='word_1_50' title='bbox 386 1065 529 1129; x_wconf 84' lang='lat' dir='ltr'><strong>instituta</strong></span> <span class='ocrx_word' id='word_1_51' title='bbox 562 1068 787 1147; x_wconf 83' lang='lat' dir='ltr'><strong>comparatione</strong></span> <span class='ocrx_word' id='word_1_52' title='bbox 815 1073 917 1128; x_wconf 88' lang='lat' dir='ltr'><strong>motus</strong></span> <span class='ocrx_word' id='word_1_53' title='bbox 944 1072 994 1128; x_wconf 91' lang='lat' dir='ltr'><strong>est</strong></span> <span class='ocrx_word' id='word_1_54' title='bbox 1022 1067 1070 1126; x_wconf 85' lang='lat' dir='ltr'><strong>vir</strong></span> <span class='ocrx_word' id='word_1_55' title='bbox 1095 1067 1295 1142; x_wconf 81' lang='lat' dir='ltr'><strong>olan&#39;ssimns,</strong></span> <span class='ocrx_word' id='word_1_56' title='bbox 1331 1091 1334 1128; x_wconf 88' lang='lat' dir='ltr'><strong>l</strong></span> 
     </span>
     <span class='ocr_line' id='line_1_7' title="bbox 213 1156 1334 1265; baseline 0.002 -15"><span class='ocrx_word' id='word_1_57' title='bbox 213 1156 289 1250; x_wconf 78' lang='lat' dir='ltr'><strong>sutis</strong></span> <span class='ocrx_word' id='word_1_58' title='bbox 319 1186 489 1250; x_wconf 77' lang='lat' dir='ltr'><strong>uerisimile</strong></span> <span class='ocrx_word' id='word_1_59' title='bbox 521 1193 588 1265; x_wconf 88' lang='lat' dir='ltr'><strong>est,</strong></span> <span class='ocrx_word' id='word_1_60' title='bbox 622 1205 660 1247; x_wconf 81' lang='lat' dir='ltr'><strong>eu</strong></span> <span class='ocrx_word' id='word_1_61' title='bbox 689 1201 795 1248; x_wconf 85' lang='lat' dir='ltr'><strong>eornm</strong></span> <span class='ocrx_word' id='word_1_62' title='bbox 826 1187 881 1265; x_wconf 82' lang='lat' dir='ltr'><strong>qui</strong></span> <span class='ocrx_word' id='word_1_63' title='bbox 911 1189 1078 1264; x_wconf 73' lang='lat' dir='ltr'><strong>supersunt</strong></span> <span class='ocrx_word' id='word_1_64' title='bbox 1110 1185 1295 1250; x_wconf 68' lang='lat' dir='ltr'><strong>fndamen-</strong></span> <span class='ocrx_word' id='word_1_65' title='bbox 1333 1207 1334 1252; x_wconf 82' lang='lat' dir='ltr'><strong>l</strong></span> 
     </span>
     <span class='ocr_line' id='line_1_8' title="bbox 213 1304 1334 1385; baseline -0.002 -17"><span class='ocrx_word' id='word_1_66' title='bbox 213 1312 315 1368; x_wconf 86' lang='lat' dir='ltr'><strong>torum</strong></span> <span class='ocrx_word' id='word_1_67' title='bbox 339 1304 595 1366; x_wconf 76' lang='lat' dir='ltr'><strong>columnariomm</strong></span> <span class='ocrx_word' id='word_1_68' title='bbox 619 1309 654 1365; x_wconf 91' lang='lat' dir='ltr'><strong>et</strong></span> <span class='ocrx_word' id='word_1_69' title='bbox 681 1304 915 1383; x_wconf 83' lang='lat' dir='ltr'><strong>oapitolinorum</strong></span> <span class='ocrx_word' id='word_1_70' title='bbox 940 1307 974 1364; x_wconf 84' lang='lat' dir='ltr'><strong>et</strong></span> <span class='ocrx_word' id='word_1_71' title='bbox 998 1321 1069 1364; x_wconf 88' lang='lat' dir='ltr'><strong>oum</strong></span> <span class='ocrx_word' id='word_1_72' title='bbox 1090 1305 1166 1384; x_wconf 85' lang='lat' dir='ltr'><strong>ipsis</strong></span> <span class='ocrx_word' id='word_1_73' title='bbox 1188 1307 1295 1385; x_wconf 83' lang='lat' dir='ltr'><strong>templi</strong></span> <span class='ocrx_word' id='word_1_74' title='bbox 1333 1331 1334 1378; x_wconf 80' lang='lat' dir='ltr'><strong>l</strong></span> 
     </span>
     <span class='ocr_line' id='line_1_9' title="bbox 212 1391 1334 1502; baseline 0.001 -16"><span class='ocrx_word' id='word_1_75' title='bbox 212 1423 309 1486; x_wconf 82' lang='lat' dir='ltr'><strong>ruinis</strong></span> <span class='ocrx_word' id='word_1_76' title='bbox 343 1439 442 1502; x_wconf 85' lang='lat' dir='ltr'>nuper</span> <span class='ocrx_word' id='word_1_77' title='bbox 472 1423 665 1486; x_wconf 79' lang='lat' dir='ltr'><strong>detentorum</strong></span> <span class='ocrx_word' id='word_1_78' title='bbox 694 1422 885 1484; x_wconf 79' lang='lat' dir='ltr'><strong>dimensione</strong></span> <span class='ocrx_word' id='word_1_79' title='bbox 912 1440 968 1501; x_wconf 90' lang='lat' dir='ltr'><strong>pro</strong></span> <span class='ocrx_word' id='word_1_80' title='bbox 1001 1426 1088 1482; x_wconf 86' lang='lat' dir='ltr'><strong>eerto</strong></span> <span class='ocrx_word' id='word_1_81' title='bbox 1122 1424 1295 1487; x_wconf 78' lang='lat' dir='ltr'><strong>oondrmsrl</strong></span> <span class='ocrx_word' id='word_1_82' title='bbox 1333 1391 1334 1442; x_wconf 42' lang='lat'>¹</span> 
     </span>
     <span class='ocr_line' id='line_1_10' title="bbox 213 1539 1294 1624; baseline 0.004 -20"><span class='ocrx_word' id='word_1_83' title='bbox 213 1561 323 1624; x_wconf 84' lang='lat' dir='ltr'><strong>posse,</strong></span> <span class='ocrx_word' id='word_1_84' title='bbox 361 1541 519 1605; x_wconf 74' lang='lat' dir='ltr'><strong>fuerintne</strong></span> <span class='ocrx_word' id='word_1_85' title='bbox 559 1542 719 1606; x_wconf 77' lang='lat' dir='ltr'><strong>columnae</strong></span> <span class='ocrx_word' id='word_1_86' title='bbox 758 1541 940 1622; x_wconf 87' lang='lat' dir='ltr'><strong>oapitolinre</strong></span> <span class='ocrx_word' id='word_1_87' title='bbox 976 1540 1009 1602; x_wconf 92' lang='lat' dir='ltr'><strong>in</strong></span> <span class='ocrx_word' id='word_1_88' title='bbox 1045 1539 1124 1602; x_wconf 87' lang='lat' dir='ltr'><strong>aede</strong></span> <span class='ocrx_word' id='word_1_89' title='bbox 1159 1541 1294 1608; x_wconf 78' lang='lat' dir='ltr'><strong>Castoris</strong></span> 
     </span>
     <span class='ocr_line' id='line_1_11' title="bbox 212 1645 1295 1739; baseline 0.003 -16"><span class='ocrx_word' id='word_1_90' title='bbox 212 1679 272 1724; x_wconf 85' lang='lat' dir='ltr'><strong>neo</strong></span> <span class='ocrx_word' id='word_1_91' title='bbox 304 1679 375 1722; x_wconf 77' lang='lat' dir='ltr'><strong>ne·</strong></span> <span class='ocrx_word' id='word_1_92' title='bbox 416 1661 526 1739; x_wconf 83' lang='lat' dir='ltr'><strong>Neque</strong></span> <span class='ocrx_word' id='word_1_93' title='bbox 559 1666 661 1722; x_wconf 75' lang='lat' dir='ltr'><strong>umen</strong></span> <span class='ocrx_word' id='word_1_94' title='bbox 693 1681 822 1738; x_wconf 83' lang='lat' dir='ltr'><strong>vereor,</strong></span> <span class='ocrx_word' id='word_1_95' title='bbox 862 1661 1020 1722; x_wconf 80' lang='lat' dir='ltr'><strong>columnas</strong></span> <span class='ocrx_word' id='word_1_96' title='bbox 1051 1645 1084 1720; x_wconf 85' lang='lat' dir='ltr'><strong>et</strong></span> <span class='ocrx_word' id='word_1_97' title='bbox 1118 1669 1295 1726; x_wconf 82' lang='lat' dir='ltr'><strong>ornaments</strong></span> 
     </span>
     <span class='ocr_line' id='line_1_12' title="bbox 212 1777 1295 1862; baseline 0 -20"><span class='ocrx_word' id='word_1_98' title='bbox 212 1801 292 1862; x_wconf 82' lang='lat' dir='ltr'><strong>quae</strong></span> <span class='ocrx_word' id='word_1_99' title='bbox 330 1799 415 1842; x_wconf 77' lang='lat' dir='ltr'><strong>nerto</strong></span> <span class='ocrx_word' id='word_1_100' title='bbox 448 1779 681 1862; x_wconf 80' lang='lat' dir='ltr'><strong>oapitolinorum</strong></span> <span class='ocrx_word' id='word_1_101' title='bbox 715 1780 772 1840; x_wconf 89' lang='lat' dir='ltr'><strong>snb</strong></span> <span class='ocrx_word' id='word_1_102' title='bbox 808 1780 930 1840; x_wconf 89' lang='lat' dir='ltr'><strong>nomine</strong></span> <span class='ocrx_word' id='word_1_103' title='bbox 972 1779 1117 1840; x_wconf 84' lang='lat' dir='ltr'><strong>feruntur</strong></span> <span class='ocrx_word' id='word_1_104' title='bbox 1158 1777 1295 1842; x_wconf 81' lang='lat' dir='ltr'><strong>Castoris</strong></span> 
     </span>
     <span class='ocr_line' id='line_1_13' title="bbox 212 1898 1294 1978; baseline 0 -16"><span class='ocrx_word' id='word_1_105' title='bbox 212 1899 283 1962; x_wconf 86' lang='lat' dir='ltr'><strong>aedi</strong></span> <span class='ocrx_word' id='word_1_106' title='bbox 315 1899 518 1962; x_wconf 75' lang='lat' dir='ltr'><strong>abiudloonda</strong></span> <span class='ocrx_word' id='word_1_107' title='bbox 549 1917 638 1972; x_wconf 90' lang='lat' dir='ltr'><strong>esse;</strong></span> <span class='ocrx_word' id='word_1_108' title='bbox 670 1899 764 1960; x_wconf 79' lang='lat' dir='ltr'><strong>docet</strong></span> <span class='ocrx_word' id='word_1_109' title='bbox 793 1898 875 1959; x_wconf 90' lang='lat' dir='ltr'><strong>enim</strong></span> <span class='ocrx_word' id='word_1_110' title='bbox 900 1898 1061 1978; x_wconf 72' lang='lat' dir='ltr'><strong>ligorius,</strong></span> <span class='ocrx_word' id='word_1_111' title='bbox 1097 1904 1171 1959; x_wconf 84' lang='lat' dir='ltr'><strong>tuno</strong></span> <span class='ocrx_word' id='word_1_112' title='bbox 1200 1917 1294 1977; x_wconf 88' lang='lat' dir='ltr'><strong>quum</strong></span> 
     </span>
     <span class='ocr_line' id='line_1_14' title="bbox 213 2017 1295 2100; baseline 0 -20"><span class='ocrx_word' id='word_1_113' title='bbox 213 2019 364 2082; x_wconf 75' lang='lat' dir='ltr'><strong>laetorum</strong></span> <span class='ocrx_word' id='word_1_114' title='bbox 397 2019 569 2100; x_wconf 73' lang='lat' dir='ltr'><strong>fragmenta</strong></span> <span class='ocrx_word' id='word_1_115' title='bbox 604 2017 718 2080; x_wconf 78' lang='lat' dir='ltr'><strong>effosso</strong></span> <span class='ocrx_word' id='word_1_116' title='bbox 745 2017 825 2092; x_wconf 85' lang='lat' dir='ltr'><strong>sint,</strong></span> <span class='ocrx_word' id='word_1_117' title='bbox 860 2017 961 2078; x_wconf 88' lang='lat' dir='ltr'><strong>omnia</strong></span> <span class='ocrx_word' id='word_1_118' title='bbox 988 2033 1067 2095; x_wconf 84' lang='lat' dir='ltr'><strong>quae</strong></span> <span class='ocrx_word' id='word_1_119' title='bbox 1098 2017 1199 2080; x_wconf 88' lang='lat' dir='ltr'><strong>altiori</strong></span> <span class='ocrx_word' id='word_1_120' title='bbox 1225 2019 1295 2080; x_wconf 83' lang='lat' dir='ltr'><strong>loeo</strong></span> 
     </span>
     <span class='ocr_line' id='line_1_15' title="bbox 213 2135 1294 2220; baseline -0.004 -18"><span class='ocrx_word' id='word_1_121' title='bbox 213 2139 313 2220; x_wconf 87' lang='lat' dir='ltr'><strong>posita</strong></span> <span class='ocrx_word' id='word_1_122' title='bbox 337 2139 470 2216; x_wconf 89' lang='lat' dir='ltr'><strong>ideoque</strong></span> <span class='ocrx_word' id='word_1_123' title='bbox 496 2138 663 2200; x_wconf 79' lang='lat' dir='ltr'><strong>eddanum</strong></span> <span class='ocrx_word' id='word_1_124' title='bbox 692 2137 780 2197; x_wconf 85' lang='lat' dir='ltr'><strong>illum</strong></span> <span class='ocrx_word' id='word_1_125' title='bbox 806 2136 991 2214; x_wconf 72' lang='lat' dir='ltr'><strong>pertinentia</strong></span> <span class='ocrx_word' id='word_1_126' title='bbox 1016 2135 1140 2198; x_wconf 77' lang='lat' dir='ltr'><strong>detenta</strong></span> <span class='ocrx_word' id='word_1_127' title='bbox 1164 2136 1294 2216; x_wconf 81' lang='lat' dir='ltr'><strong>inerint,</strong></span> 
     </span>
     <span class='ocr_line' id='line_1_16' title="bbox 212 2239 1295 2334; baseline -0.002 -16"><span class='ocrx_word' id='word_1_128' title='bbox 212 2258 304 2318; x_wconf 80' lang='lat' dir='ltr'><strong>veniis</strong></span> <span class='ocrx_word' id='word_1_129' title='bbox 333 2256 431 2316; x_wconf 86' lang='lat' dir='ltr'><strong>modis</strong></span> <span class='ocrx_word' id='word_1_130' title='bbox 458 2254 596 2334; x_wconf 82' lang='lat' dir='ltr'><strong>dispersa</strong></span> <span class='ocrx_word' id='word_1_131' title='bbox 627 2254 744 2326; x_wconf 80' lang='lat' dir='ltr'><strong>fuisse,</strong></span> <span class='ocrx_word' id='word_1_132' title='bbox 780 2253 822 2313; x_wconf 84' lang='lat' dir='ltr'><strong>ita</strong></span> <span class='ocrx_word' id='word_1_133' title='bbox 850 2259 885 2314; x_wconf 87' lang='lat' dir='ltr'><strong>ut</strong></span> <span class='ocrx_word' id='word_1_134' title='bbox 918 2239 996 2330; x_wconf 83' lang='lat' dir='ltr'><strong>qnae</strong></span> <span class='ocrx_word' id='word_1_135' title='bbox 1023 2271 1105 2320; x_wconf 81' lang='lat' dir='ltr'><strong>nune</strong></span> <span class='ocrx_word' id='word_1_136' title='bbox 1139 2271 1199 2316; x_wconf 84' lang='lat' dir='ltr'><strong>una</strong></span> <span class='ocrx_word' id='word_1_137' title='bbox 1224 2271 1295 2316; x_wconf 83' lang='lat' dir='ltr'><strong>enm</strong></span> 
     </span>
     <span class='ocr_line' id='line_1_17' title="bbox 210 2373 1294 2437; baseline -0.001 -1"><span class='ocrx_word' id='word_1_138' title='bbox 210 2373 325 2437; x_wconf 84' lang='lat' dir='ltr'><strong>tabulis</strong></span> <span class='ocrx_word' id='word_1_139' title='bbox 361 2373 574 2434; x_wconf 84' lang='lat' dir='ltr'><strong>consularibus</strong></span> <span class='ocrx_word' id='word_1_140' title='bbox 614 2378 810 2434; x_wconf 83' lang='lat' dir='ltr'><strong>asservantur</strong></span> <span class='ocrx_word' id='word_1_141' title='bbox 840 2379 1018 2436; x_wconf 84' lang='lat' dir='ltr'><strong>ornamenta</strong></span> <span class='ocrx_word' id='word_1_142' title='bbox 1053 2373 1294 2436; x_wconf 81' lang='lat' dir='ltr'><strong>arohiteotouiea</strong></span> 
     </span>
     <span class='ocr_line' id='line_1_18' title="bbox 211 2491 1295 2571; baseline -0.002 -15"><span class='ocrx_word' id='word_1_143' title='bbox 211 2501 245 2556; x_wconf 88' lang='lat' dir='ltr'><strong>et</strong></span> <span class='ocrx_word' id='word_1_144' title='bbox 277 2492 457 2567; x_wconf 76' lang='lat' dir='ltr'><strong>columnae,</strong></span> <span class='ocrx_word' id='word_1_145' title='bbox 494 2491 604 2554; x_wconf 88' lang='lat' dir='ltr'><strong>eodem</strong></span> <span class='ocrx_word' id='word_1_146' title='bbox 638 2491 670 2552; x_wconf 90' lang='lat' dir='ltr'><strong>in</strong></span> <span class='ocrx_word' id='word_1_147' title='bbox 708 2492 825 2571; x_wconf 87' lang='lat' dir='ltr'><strong>templo</strong></span> <span class='ocrx_word' id='word_1_148' title='bbox 866 2491 965 2554; x_wconf 85' lang='lat' dir='ltr'><strong>inisse</strong></span> <span class='ocrx_word' id='word_1_149' title='bbox 1006 2491 1177 2554; x_wconf 83' lang='lat' dir='ltr'><strong>videantur.</strong></span> <span class='ocrx_word' id='word_1_150' title='bbox 1239 2492 1295 2554; x_wconf 87' lang='lat' dir='ltr'><strong>Sin</strong></span> 
     </span>
     <span class='ocr_line' id='line_1_19' title="bbox 210 2609 1168 2692; baseline 0.001 -19"><span class='ocrx_word' id='word_1_151' title='bbox 210 2613 329 2687; x_wconf 85' lang='lat' dir='ltr'><strong>minus,</strong></span> <span class='ocrx_word' id='word_1_152' title='bbox 355 2609 532 2673; x_wconf 84' lang='lat' dir='ltr'><strong>videremus</strong></span> <span class='ocrx_word' id='word_1_153' title='bbox 553 2611 673 2692; x_wconf 82' lang='lat' dir='ltr'><strong>spurias</strong></span> <span class='ocrx_word' id='word_1_154' title='bbox 699 2629 769 2672; x_wconf 86' lang='lat' dir='ltr'><strong>esse</strong></span> <span class='ocrx_word' id='word_1_155' title='bbox 795 2613 952 2676; x_wconf 88' lang='lat' dir='ltr'><strong>eolnmnas</strong></span> <span class='ocrx_word' id='word_1_156' title='bbox 979 2611 1168 2692; x_wconf 74' lang='lat' dir='ltr'><strong>capitolinos.</strong></span> 
     </span>
     <span class='ocr_line' id='line_1_20' title="bbox 312 2729 1294 2810; baseline 0.002 -20"><span class='ocrx_word' id='word_1_157' title='bbox 312 2729 458 2790; x_wconf 84' lang='lat' dir='ltr'><strong>Ceterum</strong></span> <span class='ocrx_word' id='word_1_158' title='bbox 499 2729 671 2810; x_wconf 78' lang='lat' dir='ltr'><strong>fragmenta</strong></span> <span class='ocrx_word' id='word_1_159' title='bbox 707 2737 812 2792; x_wconf 85' lang='lat' dir='ltr'><strong>nostro</strong></span> <span class='ocrx_word' id='word_1_160' title='bbox 847 2730 984 2805; x_wconf 86' lang='lat' dir='ltr'><strong>Lunensi</strong></span> <span class='ocrx_word' id='word_1_161' title='bbox 1016 2731 1101 2802; x_wconf 81' lang='lat' dir='ltr'><strong>sive,</strong></span> <span class='ocrx_word' id='word_1_162' title='bbox 1140 2736 1178 2791; x_wconf 88' lang='lat' dir='ltr'><strong>nt</strong></span> <span class='ocrx_word' id='word_1_163' title='bbox 1212 2747 1294 2792; x_wconf 88' lang='lat' dir='ltr'><strong>nuno</strong></span> 
     </span>
     <span class='ocr_line' id='line_1_21' title="bbox 210 2847 1295 2930; baseline -0.001 -18"><span class='ocrx_word' id='word_1_164' title='bbox 210 2851 336 2930; x_wconf 79' lang='lat' dir='ltr'><strong>dirum,</strong></span> <span class='ocrx_word' id='word_1_165' title='bbox 362 2850 541 2914; x_wconf 68' lang='lat' dir='ltr'><strong>verterenet</strong></span> <span class='ocrx_word' id='word_1_166' title='bbox 566 2868 605 2922; x_wconf 84' lang='lat' dir='ltr'><strong>ex</strong></span> <span class='ocrx_word' id='word_1_167' title='bbox 628 2869 780 2914; x_wconf 79' lang='lat' dir='ltr'><strong>memore</strong></span> <span class='ocrx_word' id='word_1_168' title='bbox 800 2851 884 2914; x_wconf 84' lang='lat' dir='ltr'><strong>faeta</strong></span> <span class='ocrx_word' id='word_1_169' title='bbox 908 2856 996 2926; x_wconf 89' lang='lat' dir='ltr'><strong>sunt,</strong></span> <span class='ocrx_word' id='word_1_170' title='bbox 1024 2847 1108 2928; x_wconf 83' lang='lat' dir='ltr'><strong>qnod</strong></span> <span class='ocrx_word' id='word_1_171' title='bbox 1129 2847 1217 2912; x_wconf 80' lang='lat' dir='ltr'><strong>haud</strong></span> <span class='ocrx_word' id='word_1_172' title='bbox 1241 2847 1295 2911; x_wconf 89' lang='lat' dir='ltr'><strong>din</strong></span> 
     </span>
     <span class='ocr_line' id='line_1_22' title="bbox 211 2935 1294 3046; baseline -0.002 -16"><span class='ocrx_word' id='word_1_173' title='bbox 211 2973 282 3030; x_wconf 78' lang='lat' dir='ltr'><strong>erote</strong></span> <span class='ocrx_word' id='word_1_174' title='bbox 297 2969 469 3046; x_wconf 84' lang='lat' dir='ltr'><strong>Augustum</strong></span> <span class='ocrx_word' id='word_1_175' title='bbox 494 2969 650 3031; x_wconf 85' lang='lat' dir='ltr'><strong>inventurn</strong></span> <span class='ocrx_word' id='word_1_176' title='bbox 680 2987 750 3030; x_wconf 86' lang='lat' dir='ltr'><strong>esse</strong></span> <span class='ocrx_word' id='word_1_177' title='bbox 773 2969 876 3042; x_wconf 87' lang='lat' dir='ltr'><strong>nullo,</strong></span> <span class='ocrx_word' id='word_1_178' title='bbox 906 2971 1031 3046; x_wconf 81' lang='lat' dir='ltr'><strong>opinor,</strong></span> <span class='ocrx_word' id='word_1_179' title='bbox 1052 2935 1126 3028; x_wconf 50' lang='lat' dir='ltr'><strong>&#39;iure</strong></span> <span class='ocrx_word' id='word_1_180' title='bbox 1153 2967 1294 3030; x_wconf 83' lang='lat' dir='ltr'><strong>effieitnr</strong></span> 
     </span>
     <span class='ocr_line' id='line_1_23' title="bbox 210 3084 1294 3158; baseline 0 -10"><span class='ocrx_word' id='word_1_181' title='bbox 210 3105 249 3148; x_wconf 82' lang='lat' dir='ltr'><strong>er</strong></span> <span class='ocrx_word' id='word_1_182' title='bbox 284 3087 334 3147; x_wconf 88' lang='lat' dir='ltr'><strong>his</strong></span> <span class='ocrx_word' id='word_1_183' title='bbox 368 3084 479 3146; x_wconf 80' lang='lat' dir='ltr'><strong>Plinii:</strong></span> <span class='ocrx_word' id='word_1_184' title='bbox 527 3085 744 3158; x_wconf 75' lang='lat' dir='ltr'><strong>„Mamurram</strong></span> <span class='ocrx_word' id='word_1_185' title='bbox 782 3085 982 3146; x_wconf 86' lang='lat' dir='ltr'><strong>Praeieotum</strong></span> <span class='ocrx_word' id='word_1_186' title='bbox 1017 3085 1053 3146; x_wconf 82' lang='grc'><strong>0.</strong></span> <span class='ocrx_word' id='word_1_187' title='bbox 1082 3085 1223 3150; x_wconf 80' lang='lat' dir='ltr'><strong>caesaris</strong></span> <span class='ocrx_word' id='word_1_188' title='bbox 1262 3087 1294 3148; x_wconf 85' lang='lat' dir='ltr'><strong>in</strong></span> 
     </span>
     <span class='ocr_line' id='line_1_24' title="bbox 210 3203 1294 3284; baseline -0.002 -16"><span class='ocrx_word' id='word_1_189' title='bbox 210 3205 310 3268; x_wconf 77' lang='lat' dir='ltr'><strong>Gellia</strong></span> <span class='ocrx_word' id='word_1_190' title='bbox 331 3203 463 3284; x_wconf 89' lang='lat' dir='ltr'><strong>primum</strong></span> <span class='ocrx_word' id='word_1_191' title='bbox 482 3204 555 3266; x_wconf 90' lang='lat' dir='ltr'><strong>totis</strong></span> <span class='ocrx_word' id='word_1_192' title='bbox 580 3203 708 3266; x_wconf 87' lang='lat' dir='ltr'><strong>aedibus</strong></span> <span class='ocrx_word' id='word_1_193' title='bbox 734 3204 848 3266; x_wconf 88' lang='lat' dir='ltr'><strong>nnllam</strong></span> <span class='ocrx_word' id='word_1_194' title='bbox 873 3203 934 3264; x_wconf 89' lang='lat' dir='ltr'><strong>nisi</strong></span> <span class='ocrx_word' id='word_1_195' title='bbox 958 3223 977 3264; x_wconf 88' lang='lat' dir='ltr'><strong>e</strong></span> <span class='ocrx_word' id='word_1_196' title='bbox 999 3221 1151 3267; x_wconf 85' lang='lat' dir='ltr'><strong>marmore</strong></span> <span class='ocrx_word' id='word_1_197' title='bbox 1173 3203 1294 3266; x_wconf 82' lang='lat' dir='ltr'><strong>oolnm-</strong></span> 
     </span>
     <span class='ocr_line' id='line_1_25' title="bbox 210 3322 1294 3418; baseline -0.002 -32"><span class='ocrx_word' id='word_1_198' title='bbox 210 3343 279 3387; x_wconf 87' lang='lat' dir='ltr'><strong>nam</strong></span> <span class='ocrx_word' id='word_1_199' title='bbox 314 3325 477 3400; x_wconf 84' lang='lat' dir='ltr'><strong>habuisse,</strong></span> <span class='ocrx_word' id='word_1_200' title='bbox 518 3343 625 3387; x_wconf 84' lang='lat' dir='ltr'><strong>omnes</strong></span> <span class='ocrx_word' id='word_1_201' title='bbox 656 3323 778 3387; x_wconf 80' lang='lat' dir='ltr'><strong>¹aolidae</strong></span> <span class='ocrx_word' id='word_1_202' title='bbox 811 3341 830 3386; x_wconf 86' lang='lat' dir='ltr'><strong>e</strong></span> <span class='ocrx_word' id='word_1_203' title='bbox 864 3322 1005 3403; x_wconf 77' lang='lat' dir='ltr'><strong>Carystio</strong></span> <span class='ocrx_word' id='word_1_204' title='bbox 1042 3329 1096 3384; x_wconf 87' lang='lat' dir='ltr'><strong>sut</strong></span> <span class='ocrx_word' id='word_1_205' title='bbox 1125 3323 1294 3418; x_wconf 81' lang='lat' dir='ltr'><strong>Lunensi.“</strong></span> 
     </span>
     <span class='ocr_line' id='line_1_26' title="bbox 210 3441 1294 3524; baseline 0 -20"><span class='ocrx_word' id='word_1_206' title='bbox 210 3442 409 3522; x_wconf 76' lang='lat' dir='ltr'><strong>&#39;l&#39;emplorurn</strong></span> <span class='ocrx_word' id='word_1_207' title='bbox 428 3445 651 3524; x_wconf 80' lang='lat' dir='ltr'><strong>magnificentia</strong></span> <span class='ocrx_word' id='word_1_208' title='bbox 669 3445 855 3523; x_wconf 82' lang='lat' dir='ltr'><strong>privatorum</strong></span> <span class='ocrx_word' id='word_1_209' title='bbox 881 3442 1092 3504; x_wconf 76' lang='lat' dir='ltr'><strong>aedilitiorum</strong></span> <span class='ocrx_word' id='word_1_210' title='bbox 1117 3441 1204 3502; x_wconf 84' lang='lat' dir='ltr'><strong>luxui</strong></span> <span class='ocrx_word' id='word_1_211' title='bbox 1227 3461 1294 3504; x_wconf 90' lang='lat' dir='ltr'><strong>om-</strong></span> 
     </span>
     <span class='ocr_line' id='line_1_27' title="bbox 210 3559 1294 3638; baseline -0.002 -14"><span class='ocrx_word' id='word_1_212' title='bbox 210 3562 333 3626; x_wconf 87' lang='lat' dir='ltr'><strong>nimodo</strong></span> <span class='ocrx_word' id='word_1_213' title='bbox 363 3563 547 3638; x_wconf 73' lang='lat' dir='ltr'><strong>antecurrit,</strong></span> <span class='ocrx_word' id='word_1_214' title='bbox 586 3564 670 3624; x_wconf 87' lang='lat' dir='ltr'><strong>unde</strong></span> <span class='ocrx_word' id='word_1_215' title='bbox 708 3563 760 3624; x_wconf 87' lang='lat' dir='ltr'><strong>dio</strong></span> <span class='ocrx_word' id='word_1_216' title='bbox 802 3569 873 3624; x_wconf 86' lang='lat' dir='ltr'><strong>ante</strong></span> <span class='ocrx_word' id='word_1_217' title='bbox 907 3561 942 3623; x_wconf 73' lang='lat'><strong>(5.</strong></span> <span class='ocrx_word' id='word_1_218' title='bbox 975 3561 1092 3624; x_wconf 84' lang='lat' dir='ltr'><strong>lulium</strong></span> <span class='ocrx_word' id='word_1_219' title='bbox 1127 3559 1294 3622; x_wconf 80' lang='lat' dir='ltr'><strong>Caesarem</strong></span> 
     </span>
     <span class='ocr_line' id='line_1_28' title="bbox 209 3677 1294 3766; baseline -0.004 -22"><span class='ocrx_word' id='word_1_220' title='bbox 209 3677 262 3766; x_wconf 88' lang='lat' dir='ltr'><strong>(ut</strong></span> <span class='ocrx_word' id='word_1_221' title='bbox 294 3689 409 3746; x_wconf 78' lang='lat' dir='ltr'><strong>taceam</strong></span> <span class='ocrx_word' id='word_1_222' title='bbox 439 3682 480 3742; x_wconf 91' lang='lat' dir='ltr'><strong>de</strong></span> <span class='ocrx_word' id='word_1_223' title='bbox 508 3678 670 3766; x_wconf 80' lang='lat' dir='ltr'><strong>Angusto)</strong></span> <span class='ocrx_word' id='word_1_224' title='bbox 705 3699 837 3744; x_wconf 85' lang='lat' dir='ltr'><strong>marmor</strong></span> <span class='ocrx_word' id='word_1_225' title='bbox 870 3681 1016 3743; x_wconf 85' lang='lat' dir='ltr'><strong>Lunense</strong></span> <span class='ocrx_word' id='word_1_226' title='bbox 1049 3681 1085 3748; x_wconf 60' lang='lat' dir='ltr'><strong>in,</strong></span> <span class='ocrx_word' id='word_1_227' title='bbox 1106 3697 1165 3741; x_wconf 87' lang='lat' dir='ltr'><strong>usu</strong></span> <span class='ocrx_word' id='word_1_228' title='bbox 1191 3678 1294 3742; x_wconf 81' lang='lat' dir='ltr'><strong>luisse</strong></span> 
     </span>
     <span class='ocr_line' id='line_1_29' title="bbox 209 3811 361 3884; baseline 0.013 -20"><span class='ocrx_word' id='word_1_229' title='bbox 209 3811 361 3884; x_wconf 87' lang='lat' dir='ltr'><strong>putamus.</strong></span> 
     </span>
     <span class='ocr_line' id='line_1_30' title="bbox 100 3919 1292 4002; baseline -0.005 -14"><span class='ocrx_word' id='word_1_230' title='bbox 100 3921 171 4002; x_wconf 84' lang='lat' dir='ltr'><strong>§.o</strong></span> <span class='ocrx_word' id='word_1_231' title='bbox 307 3925 369 4002; x_wconf 79' lang='lat' dir='ltr'><strong>Qui</strong></span> <span class='ocrx_word' id='word_1_232' title='bbox 405 3924 488 3986; x_wconf 80' lang='lat' dir='ltr'><strong>Fere</strong></span> <span class='ocrx_word' id='word_1_233' title='bbox 517 3921 555 3984; x_wconf 91' lang='lat' dir='ltr'><strong>V.</strong></span> <span class='ocrx_word' id='word_1_234' title='bbox 586 3922 621 3984; x_wconf 85' lang='lat' dir='ltr'><strong>o.</strong></span> <span class='ocrx_word' id='word_1_235' title='bbox 654 3923 765 3986; x_wconf 84' lang='lat' dir='ltr'><strong>librum</strong></span> <span class='ocrx_word' id='word_1_236' title='bbox 802 3927 933 3995; x_wconf 86' lang='lat' dir='ltr'><strong>norunt,</strong></span> <span class='ocrx_word' id='word_1_237' title='bbox 970 3921 992 3980; x_wconf 90' lang='lat' dir='ltr'><strong>ii</strong></span> <span class='ocrx_word' id='word_1_238' title='bbox 1025 3919 1127 3981; x_wconf 87' lang='lat' dir='ltr'><strong>mirati</strong></span> <span class='ocrx_word' id='word_1_239' title='bbox 1157 3919 1292 3984; x_wconf 78' lang='lat' dir='ltr'><strong>fortasse</strong></span> 
     </span>
     <span class='ocr_line' id='line_1_31' title="bbox 208 4038 1291 4122; baseline -0.004 -16"><span class='ocrx_word' id='word_1_240' title='bbox 208 4051 299 4117; x_wconf 89' lang='lat' dir='ltr'><strong>sont,</strong></span> <span class='ocrx_word' id='word_1_241' title='bbox 335 4044 418 4122; x_wconf 83' lang='lat' dir='ltr'><strong>qnod</strong></span> <span class='ocrx_word' id='word_1_242' title='bbox 452 4041 577 4106; x_wconf 83' lang='lat' dir='ltr'><strong>Diodori</strong></span> <span class='ocrx_word' id='word_1_243' title='bbox 603 4041 720 4116; x_wconf 79' lang='lat' dir='ltr'><strong>Siculi,</strong></span> <span class='ocrx_word' id='word_1_244' title='bbox 755 4059 846 4120; x_wconf 85' lang='lat' dir='ltr'><strong>quem</strong></span> <span class='ocrx_word' id='word_1_245' title='bbox 883 4043 915 4100; x_wconf 88' lang='lat' dir='ltr'><strong>et</strong></span> <span class='ocrx_word' id='word_1_246' title='bbox 947 4039 1047 4119; x_wconf 86' lang='lat' dir='ltr'><strong>ipsum</strong></span> <span class='ocrx_word' id='word_1_247' title='bbox 1084 4057 1102 4099; x_wconf 91' lang='lat' dir='ltr'><strong>a</strong></span> <span class='ocrx_word' id='word_1_248' title='bbox 1137 4038 1291 4119; x_wconf 78' lang='lat' dir='ltr'><strong>lapidibus</strong></span> 
     </span>
     <span class='ocr_line' id='line_1_32' title="bbox 208 4156 1291 4236; baseline -0.002 -12"><span class='ocrx_word' id='word_1_249' title='bbox 208 4163 320 4226; x_wconf 87' lang='lat' dir='ltr'><strong>nostris</strong></span> <span class='ocrx_word' id='word_1_250' title='bbox 346 4161 512 4226; x_wconf 76' lang='lat' dir='ltr'><strong>dissentire</strong></span> <span class='ocrx_word' id='word_1_251' title='bbox 544 4162 621 4225; x_wconf 87' lang='lat' dir='ltr'><strong>dioit</strong></span> <span class='ocrx_word' id='word_1_252' title='bbox 646 4162 727 4233; x_wconf 81' lang='lat' dir='ltr'><strong>Fer,</strong></span> <span class='ocrx_word' id='word_1_253' title='bbox 762 4179 802 4221; x_wconf 88' lang='lat' dir='ltr'><strong>no</strong></span> <span class='ocrx_word' id='word_1_254' title='bbox 827 4159 923 4222; x_wconf 81' lang='lat' dir='ltr'><strong>serlro</strong></span> <span class='ocrx_word' id='word_1_255' title='bbox 949 4156 1074 4236; x_wconf 80' lang='lat' dir='ltr'><strong>quidem</strong></span> <span class='ocrx_word' id='word_1_256' title='bbox 1101 4159 1291 4222; x_wconf 86' lang='lat' dir='ltr'><strong>mentionem</strong></span> 
     </span>
    </p>
   </div>
   <div class='ocr_carea' id='block_1_2' title="bbox 221 4337 486 4346">
    <p class='ocr_par' dir='ltr' id='par_1_2' title="bbox 221 4337 486 4346">
     <span class='ocr_line' id='line_1_33' title="bbox 221 4337 486 4346; baseline 0 0"><span class='ocrx_word' id='word_1_257' title='bbox 221 4337 244 4342; x_wconf 91' lang='grc'><strong>--</strong></span> <span class='ocrx_word' id='word_1_258' title='bbox 251 4337 486 4346; x_wconf 57' lang='lat' dir='ltr'><strong>*ma—-</strong></span> 
     </span>
    </p>
   </div>
   <div class='ocr_carea' id='block_1_3' title="bbox 252 4429 541 4505">
    <p class='ocr_par' dir='ltr' id='par_1_3' title="bbox 252 4429 541 4505">
     <span class='ocr_line' id='line_1_34' title="bbox 252 4429 541 4505; baseline 0.007 -16"><span class='ocrx_word' id='word_1_259' title='bbox 252 4429 298 4505; x_wconf 77' lang='lat'><strong>²¹)</strong></span> <span class='ocrx_word' id='word_1_260' title='bbox 328 4439 358 4489; x_wconf 92' lang='lat' dir='ltr'><strong>lu</strong></span> <span class='ocrx_word' id='word_1_261' title='bbox 380 4439 541 4491; x_wconf 87' lang='lat' dir='ltr'><strong>Prodromo.</strong></span> 
     </span>
    </p>
   </div>
   <div class='ocr_carea' id='block_1_4' title="bbox 0 0 1348 4906">
    <p class='ocr_par' dir='ltr' id='par_1_4' title="bbox 0 0 1348 4906">
     <span class='ocr_line' id='line_1_35' title="bbox 0 0 1348 4906; baseline 0 1"><span class='ocrx_word' id='word_1_262' title='bbox 0 0 1348 4906; x_wconf 95' lang='lat' dir='ltr'><strong> </strong></span> 
     </span>
    </p>
   </div>
  </div>
 </body>
</html>
