2672 4904
373 477 423 549 ln
454 465 617 551 annum
645 479 752 554 566.
799 473 830 512 ·”

112 633 183 693 Hoc
227 653 305 694 anno
347 615 375 695 ι
403 637 533 698 Camillo
571 639 753 702 dictaturam
793 643 998 704 continuatam
1035 647 1101 708 vult
1118 637 1213 720 §Ji-5

28 748 167 827 Sigonius.
233 751 398 826 „Discitur
422 755 517 830 illud,
543 759 661 837 iuquit,
688 781 725 821 ex
752 763 839 826 Livio
865 763 885 823 Ι.
902 765 961 840 17,
988 781 1017 824 1.
1050 769 1102 844 qui

27 867 77 938 ait,
110 867 266 930 Romanos
303 891 364 932 ιιοιι
390 892 459 934 esse
485 895 608 954 passus,
645 897 715 939 eum
749 879 900 942 dictatura
931 883 989 942 nisi
1023 903 1101 944 auno
1161 893 1164 903 ’

27 985 206 1047 circumacto
234 987 388 1049 abdicare.
448 991 512 1052 Sed
543 999 607 1054 tota
635 995 716 1056 Livii
743 1000 875 1059 narratio
899 999 1008 1074 docet,
1042 1003 1099 1064 Ga-

26 1103 131 1165 udium
155 1111 274 1185 patrato
302 1107 341 1168 ad
367 1108 449 1186 qnod
472 1113 642 1189 gerendum
664 1113 765 1174 dietus
788 1122 854 1177 erat
876 1118 971 1192 bello,
997 1121 1100 1184 statim

27 1219 197 1284 dictaturam
226 1225 434 1305 depositurum
457 1228 573 1303 fuisse,
610 1249 670 1309 quo
698 1225 827 1292 consilio
857 1235 1038 1313 impeditum
1067 1247 1101 1297 et

26 1337 196 1402 dictaturam
224 1361 323 1421 usqne
354 1344 393 1404 ad
418 1346 511 1406 flnem
547 1347 613 1408 eins
639 1350 710 1408 anui
737 1352 927 1427 consularis,
954 1356 1007 1432 qui
1034 1362 1100 1416 tum

26 1459 178 1534 agebatur,
210 1464 405 1524 continuasse
440 1470 472 1524 et
507 1465 693 1545 interregem
729 1467 838 1530 fuisse.
895 1471 994 1532 Porro
1028 1491 1099 1532 enm

26 1580 153 1642 eiusdem
196 1559 267 1642 anui
303 1557 379 1645 366
401 1585 578 1662 interregno
620 1586 812 1661 insequentis
851 1591 922 1648 anui
958 1590 1098 1650 tribunus

27 1695 162 1760 militares
198 1673 281 1760 eona.
314 1705 374 1778 pot
418 1718 558 1774 creasse,
590 1721 608 1760 a
640 1701 749 1778 quibus
781 1723 818 1764 eo
852 1703 975 1766 demum
1009 1725 1098 1778 annu,

28 1830 73 1886 [gno
107 1815 158 1874 ilii
185 1817 244 1876 ἰιιιιι
273 1817 485 1896 magistratum
515 1817 672 1892 iniissent,
702 1820 803 1882 denuo
833 1822 964 1886 dittatm
991 1825 1098 1887 ‘dietus

28 1929 63 1989 sit.
119 1934 210 1993 Anno
238 1940 340 1993 autem
368 1935 554 1994 circumactu
584 1935 660 1994 nihil
692 1937 776 1994 aliud
810 1957 897 2009 esse,
929 1941 988 1998 nisi
1018 1959 1098 1999 anun

28 2051 168 2110 consulari
203 2057 236 2109 et
268 2049 392 2126 quidem
407 2107 413 2124 .
429 2068 488 2121 eu,
530 2051 582 2126 qui
614 2069 735 2128 quoque
770 2058 908 2132 tempore
942 2057 1097 2133 agebatur,

27 2181 71 2224 ιιιιι
98 2173 255 2244 sequente
285 2167 490 2238 circumacto,
518 2167 685 2228 ostendunt
721 2187 798 2246 qnae
831 2169 922 2230 l.lX.
951 2153 1032 2232 622
1052 2175 1098 2232 le-

28 2292 131 2356 guntur.
194 2285 277 2362 Ergo
304 2283 451 2345 Camillus
483 2305 543 2345 ιιοιι
577 2285 664 2356 duos,
689 2287 849 2348 continuos
880 2309 974 2350 anuos
1001 2291 1124 2361 dicte,

29 2405 109 2463 turam
136 2405 219 2481 egit5
254 2382 310 2474 sed
341 2391 416 2478 quos'
446 2423 524 2463 annu
549 2403 612 2464 665
635 2410 667 2462 et
696 2423 774 2464 anuo
802 2406 865 2466 366
896 2407 972 2467 obiit
1004 2411 1098 2487 magi·
1150 2459 1157 2468 .

28 2527 124 2582 stratus
137 2494 161 2602 ,J
174 2523 196 2580 ii
221 2521 352 2580 tribunis
376 2499 508 2580 militum
534 2540 617 2581 eorus.
644 2528 707 2598 pot.
734 2522 878 2584 disiuncti
907 2533 988 2588 sunt.

370 2781 421 2851 In
448 2809 607 2855 aunum
644 2783 750 2856 422.

116 2945 240 3004 Annum
275 2940 328 3002 hie
356 2939 422 3002 sine
457 2941 636 3024 oonsulibus
670 2941 779 3002 inserit
815 2903 968 3022 Sigonius.
1032 2943 1094 3006 Sed
1112 2943 1203 3026 §.32

15 3052 103 3130 uide,
131 3076 208 3136 qnae
233 3057 273 3122 ud
295 3077 406 3120 annum
431 3059 495 3122 456
523 3058 742 3138 disputavimus
764 3065 796 3156 et
820 3059 880 3122 cfr.
906 3059 936 3140 6.
953 3062 1003 3125 46.

263 3287 313 3356 ln
356 3282 515 3356 annum
544 3268 642 3356 656
673 3297 712 3354 et
745 3283 852 3354 457.

112 3443 180 3518 Qun
211 3459 290 3500 anno
318 3423 354 3517 6.
388 3439 502 3500 Fabius
533 3437 563 3499 V
597 3437 634 3497 Ρ.
663 3437 776 3498 Decius
799 3435 845 3500 iV
871 3440 979 3500 -fasees
1012 3441 1093 3502 obti-
1111 3435 1199 3516 668,
1320 3461 1321 3466 ’

31 3559 152 3632 uuerint,
188 3579 260 3619 enm
290 3558 418 3618 aLivio
440 3557 512 3619 LX
539 3577 565 3618 e.
584 3559 624 3620 el
659 3558 837 3637 quadrages.
867 3565 987 3618 sextum
1017 3560 1094 3618 beiii
1239 3561 1241 3568 ’

33 3666 175 3738 Samnitici
205 3695 318 3738 aunum
351 3665 454 3735 vocari
486 3676 587 3734 refert
617 3675 766 3752 Sigonius.
828 3675 894 3734 Nos
923 3693 997 3734 vero
1032 3675 1093 3736 hoe

33 3801 134 3870 tuoque
158 3797 191 3856 iu
217 3795 317 3873 eapite
344 3793 550 3854 emendationi
576 3793 697 3853 cuidam
722 3794 824 3854 leenm
851 3813 920 3854 esse
942 3797 1093 3871 putamus.

31 3901 100 3978 Quae
130 3915 212 3974 enim
243 3911 317 3972 inde
356 3931 374 3971 a
408 3911 511 3970 verbis
555 3897 755 3990 „Supersunt
789 3911 907 3973 etiam“
939 3912 1103 4003 teguntur.
1226 3933 1236 3954 ι

31 4037 58 4082 tu
82 4029 119 4094 ita
144 4033 371 4110 aetimasset,
397 4029 484 4106 quasi
509 4027 548 4088 ad
576 4028 609 4088 id
634 4030 752 4108 ipsum,
777 4047 906 4106 quocum
934 4010 1095 4092 coniuncta
1250 4115 1255 4124 ι

31 4152 152 4228 tamma,
196 4149 269 4209 iibri
303 4149 416 4208 decimi
448 4151 540 4224 eaput
566 4147 672 4208 XXXI
708 4148 908 4226 pertinerent.
972 4147 1094 4209 Atenim
1133 4189 1141 4198 -

32 4272 86 4322 ium
107 4263 281 4344 insequenti
310 4270 408 4348 eapite
434 4269 610 4328 necessarie
632 4253 844 4346 eduiuugenda
871 4273 957 4338 sunt,
988 4265 1096 4342 ntpnt'n

32 4391 93 4451 ‘lune
111 4383 187 4448 nihii
210 4385 270 4446 sint
295 4386 353 4448 uisi
379 4362 445 4449 eius
468 4385 577 4467 eapitis
599 4385 795 4466 prooemium.
846 4385 903 4444 Gni
919 4384 1096 4445 *sententiae
