2686 4906
233 305 285 388 li

232 514 326 576 ditum
363 530 452 583 esse,
492 509 580 570 scd
587 509 644 570 iam
682 509 824 568 attendas
863 506 953 566 velim
993 505 1030 567 ad
1064 507 1095 566 ld
1124 511 1213 587 qnod
1244 512 1305 574 Fen

231 631 342 705 tradit,
374 631 456 690 varia
490 631 639 689 variarum
673 628 831 733 literardm
866 626 964 686 forma
997 626 1102 704 plures
1137 580 1331 708 sculptoresl

228 750 378 822 indicari,
420 747 515 826 duplo
552 747 633 808 enim
672 725 817 805 maiorem
856 763 927 804 esse
972 763 1038 804 eam
1079 764 1140 822 qua
1178 747 1238 808 sint
1277 758 1306 812 et

141 859 153 887 ⁸
229 870 379 930 festorum
409 865 638 944 triumphalium
670 863 779 922 literae
812 870 845 922 et
879 863 996 940 aliquot
1021 863 1171 925 fastorum
1197 886 1304 930 consu.

227 987 337 1050 larium
363 985 551 1062 fragmento,
580 1005 656 1044 neve
683 983 821 1056 omittaS,
854 979 935 1060 quod
962 981 1104 1042 Goltzius
1126 991 1286 1060 mouet,
1276 1009 1303 1052 ιιι

226 1105 316 1167 lastis
351 1103 563 1164 consularibus
599 1102 724 1184 Quinti,
771 1103 804 1161 in
837 1101 926 1162 fastis
967 1100 1203 1178 triumphalibus
1240 1105 1303 1168 Caii
1331 1171 1332 1174 ,

226 1242 412 1305 praenomen
456 1223 588 1284 inditum
639 1241 708 1284 esse
758 1219 895 1300 Sulpicio
940 1217 1130 1295 Paterculo,
1186 1227 1302 1285 consuli

225 1344 296 1405 anni
314 1343 386 1404 495.
437 1344 523 1420 Quae
544 1347 647 1401 mente
674 1340 871 1418 coniungens,
900 1356 961 1420 non
987 1337 1164 1420 dissenties,
1186 1342 1302 1420 opinor,

225 1481 243 1524 a
268 1461 420 1523 sententia
446 1467 566 1535 nostra,
592 1467 625 1521 et
648 1459 745 1518 fastos
773 1457 975 1535 triumphales
1001 1463 1034 1516 et
1059 1457 1209 1519 fastorum
1229 1479 1299 1522 con·

225 1581 372 1643 salarium
411 1599 477 1641 eam
518 1586 653 1658 partem,
700 1595 777 1655 quae
813 1575 923 1636 iisdem
964 1575 1074 1654 quibus
1117 1576 1164 1636 illi
1205 1579 1301 1642 literis

225 1700 339 1779 scripta
367 1700 425 1772 sit,
458 1697 497 1759 ad
529 1697 662 1758 eundem
695 1695 882 1776 sculptorem
916 1695 1082 1773 pertinere.
1140 1697 1300 1778 Quumque

224 1785 375 1880 l‘iranesii
399 1817 605 1897 apographum
631 1814 968 1887 ostendere-videatur,
995 1833 1031 1874 ca
1056 1812 1244 1894 fragmenta,
1271 1821 1300 1879 iu

183 2013 185 2024 Ι
223 1937 334 2016 quihus
365 1937 490 1998 Antonii
526 1953 637 1995 nomen
671 1953 790 1994 erasum
822 1940 855 1994 et
886 1937 992 2012 postea
1020 1935 1196 1996 restitutum
1228 1957 1299 1999 con·-

223 2057 373 2137 spicitur,
420 2055 494 2134 ipsis
535 2054 700 2115 maioribus
737 2053 837 2113 literis
875 2052 990 2130 scripta
1024 2069 1111 2126 esse,
1160 2055 1299 2135 coniieio,

223 2175 305 2236 ssolo
331 2173 427 2234 fastos
455 2171 656 2248 triumphales
689 2178 780 2248 atque
809 2169 1015 2231 consularium
1040 2170 1222 2235 tabellarum
1250 2194 1300 2236 ess

222 2297 339 2353 tentum
365 2297 479 2369 partes,
502 2307 580 2366 qnae
604 2289 715 2348 iisdem
741 2287 851 2366 quihus
877 2288 950 2348 fasti
975 2289 1177 2368 triumphales
1200 2294 1299 2355 literis

222 2412 354 2490 scriptae
379 2409 457 2480 sint,
492 2407 606 2467 veteris
633 2405 720 2466 aedis
749 2407 885 2468 Castoris
912 2407 1055 2469 incendio
1079 2427 1141 2470 uon
1161 2413 1299 2490 periisse.

220 2531 326 2608 ltaque
351 2527 425 2588 fasti
450 2525 650 2605 triumphales
676 2545 735 2586 nna
760 2545 830 2586 cnm
858 2526 958 2605 aliqua
984 2527 1189 2590 consularium
1219 2531 1298 2612 frag-

219 2653 393 2712 mentorum
418 2651 505 2723 parte
531 2643 673 2718 Caesari,
706 2645 826 2723 reliqua
858 2645 1026 2707 minorihus
1058 2645 1158 2708 literis
1186 2649 1298 2730 scripta

219 2747 360 2847 Augusto
385 2763 588 2826 adiudicanda
614 2769 714 2827 crunt.
804 2795 807 2800 ·

111 2931 142 3015 5.
162 2938 203 3000 12
318 2933 419 3008 Quum
447 2937 549 2990 autem
584 2937 616 2990 et
655 2929 795 2992 (laesuris
830 2937 862 2992 et
892 2929 1023 3011 Augusti
1058 2929 1132 2991 fasti
1166 2934 1297 3012 publicis

217 3055 325 3128 utpote
354 3049 475 3129 optimis
507 3051 711 3112 monumentis
737 3051 871 3110 nitantur
895 3067 1024 3109 necesse
1049 3049 1107 3123 sit,
1142 3071 1297 3133 quumque

217 3175 250 3229 et
274 3168 474 3246 triumphales
503 3175 535 3229 et
567 3167 742 3230 consulares
772 3167 903 3228 tabellae
928 3165 1089 3256 Annalium
1115 3173 1297 3247 praesertim

216 3288 420 3351 Maximorum
454 3285 493 3347 ad
526 3286 620 3348 tidem
654 3287 839 3368 compositae
875 3285 954 3352 sint:
995 3264 1138 3366 apparet,
1175 3309 1233 3350 cur
1268 3291 1296 3350 in

215 3407 351 3468 numeris
377 3407 556 3486 praesertim
582 3427 642 3468 non
672 3407 861 3468 dissentiant.
923 3403 1071 3479 Accedit,
1107 3405 1189 3484 quod
1218 3427 1296 3470 anno

213 3525 278 3588 tuo
309 3524 400 3584 etiam
431 3525 543 3586 vixisse
574 3527 717 3587 videntur
745 3523 927 3602 Sosigenes,
960 3523 1007 3586 M.
1034 3525 1158 3587 Flavius
1186 3527 1296 3598 scriba,

213 3645 284 3719 alii,
322 3663 450 3723 quorum
489 3647 602 3708 anaxilio
640 3647 671 3706 in
690 3642 926 3704 ‘concinnandis
971 3644 1132 3720 utriusque
1172 3645 1296 3728 generis
1329 3709 1330 3712 ,

213 3763 302 3825 fastis
332 3783 420 3824 ustum
455 3765 553 3828 fuisse
589 3769 663 3844 puto
696 3761 731 3822 0.
758 3761 873 3823 Julium
905 3763 1088 3837 caesarem,
1116 3783 1196 3825 anno
1221 3767 1295 3827 7⁰7.

213 3881 335 3941 Etenim
360 3883 443 3944 Fece
466 3885 622 3957 Atticum,
649 3882 821 3944 Niebuhrio
845 3881 1015 3945 Varronem
1043 3881 1193 3944 fastorum
1221 3903 1294 3944 con-

213 3999 357 4059 sularium
388 4020 443 4080 pro
478 4002 637 4062 conditore
673 4001 797 4062 habenti
836 3999 985 4061 accedere
1020 4019 1151 4078 nequeo,
1212 3999 1293 4066 Vide

213 4119 293 4178 enim
320 4135 397 4193 quae
425 4119 506 4180 inira
525 4111 585 4195 22)
612 4119 749 4199 exposui.

223 4309 503 4324 W

156 4397 159 4404 A
254 4449 299 4532 2²)
328 4459 387 4512 ua
412 4455 493 4524 §.ra
