2672 4904
973 319 978 326 .
1054 253 1109 330 69

38 445 136 521 rides,
185 451 283 510 totum
323 447 406 527 quod
440 449 528 514 initio
576 449 732 531 posuimus
763 447 878 530 Sigontl
918 452 1107 534 propositum

38 565 141 627 lalsum
164 584 245 630 esse.
579 582 582 592 ¹

127 705 266 783 Psimpnr
311 707 404 788 igitur
446 707 601 790 Sigouianl
653 707 828 790 systematis
873 706 1108 772 fundumentum
1237 767 1243 786 ,

36 824 184 912 demoliti,
227 825 346 908 reliqua
386 827 576 910 singolorum
621 845 769 892 annorum
809 846 847 890 ex
889 825 1011 892 ordine'
1035 845 1106 906 per-

34 948 202 1044 traetemm.

227 1223 282 1298 ln
323 1253 485 1302 annum
521 1227 762 1303 Liuianum
794 1225 899 1304 248.

13 1429 14 1470 ,
119 1382 275 1460 Equidem
294 1357 334 1445 'si
358 1386 433 1448 mihi
457 1386 563 1450 Livius
587 1375 798 1451 ‘recensendus
826 1395 927 1461 esset,
954 1386 1021 1449 sine
1047 1359 1103 1448 du·
1122 1387 1212 1470 §.a

32 1493 169 1580 titutione
201 1500 253 1574 iu,
266 1520 378 1562 annum
403 1503 466 1565 248
495 1504 546 1588 Sp.
572 1505 710 1566 Lartium
736 1505 774 1566 Τ.
802 1505 997 1568 Herminium
1031 1525 1105 1568 eon·
1237 1577 1248 1590 ¹

30 1614 103 1675 sules
139 1617 278 1680 ederem.
334 1619 495 1700 Leguntur
526 1621 608 1681 enim
639 1621 674 1680 hi
706 1621 850 1681 eonsules
882 1621 964 1701 apud
989 1621 1105 1700 Diony-

30 1731 95 1794 sium
122 1731 215 1810 ΗιΙζ,
247 1737 392 1818 leguntur
423 1737 503 1818 spud
529 1729 768 1811 Cassiodorum,
799 1739 945 1820 leguntur
970 1737 1105 1818 denique

30 1847 52 1906 ἰι
82 1851 159 1930 ipsis
183 1852 262 1914 Livii
294 1855 472 1932 codicibus,
511 1855 728 1918 desiderantur
753 1858 870 1920 tantum
902 1857 935 1919 in
960 1859 998 1918 iis
1024 1877 1103 1936 quae

30 1973 139 2030 exstant
174 1971 255 2030 Livii
287 1971 484 2032 editionibus.
543 1969 729 2048 Scripseret'
750 1975 852 2031 eutem
888 1967 994 2032 Livlds
1028 1971 1050 2033 1.
1074 1971 1104 2032 ll

30 2105 50 2144 ι.
60 2090 96 2150 15
117 2089 211 2149 initz
263 2088 300 2148 P.
326 2087 470 2163 Valerius
504 2087 663 2148 Publicola
696 2093 729 2146 et
752 2087 809 2147 M.
831 2087 994 2163 Horatius,
1030 2087 1103 2149 iude

30 2203 69 2283 Sp.
99 2203 231 2267 Lartius
263 2209 296 2266 et
328 2203 366 2263 T.
402 2203 581 2264 Herminius
611 2221 691 2264 coss.
722 2201 808 2263 iacti.
882 2203 974 2282 Quod
1010 2222 1103 2284 quum

30 2315 152 2386 libiariis
180 2323 336 2384 insuetum
362 2327 464 2400 esset,
501 2322 562 2384 duo
588 2321 680 2382 simul
704 2321 863 2382 consulum
889 2323 989 2404 peris,
1018 2324 1104 2384 nulle

30 2461 121 2505 rerum
149 2446 304 2525 gestarum
328 2442 502 2524 narratione
528 2439 726 2522 interposite,
753 2441 899 2515 seribere,
927 2439 1011 2502 haud
1035 2427 1104 2503 rara
1137 2524 1146 2540 .

30 2549 87 2622 euni
118 2561 294 2622 temeritate
328 2566 361 2619 et
386 2560 438 2638 Sp.
463 2560 560 2622 Lartii
585 2527 696 2622 nomen
722 2579 792 2622 oum
817 2578 854 2620 eo
860 2563 872 2640 3
899 2560 982 2639 quod
1005 2561 1102 2624 simil-

30 2677 98 2741 limis
135 2679 295 2742 literarum
333 2679 478 2739 ductibus
512 2683 597 2750 erat,
636 2677 775 2737 Lucretii
808 2679 932 2744 nomine
971 2679 1102 2740 eonion-

30 2795 148 2877 dentes,
180 2799 344 2860 Horatium
376 2817 452 2860 vero
488 2796 605 2858 incuria
642 2793 852 2875 expellentes,
887 2796 965 2857 lrseo
996 2803 1102 2876 protu-

30 2912 124 2980 lerunt
147 2917 319 2996 Lipsiensis
353 2915 469 2978 oodieia
492 2915 606 2976 verba:
646 2913 682 2974 P.
708 2913 872 2976 Lueretius
901 2913 948 2975 M.
976 2914 1013 2975 P.
1039 2913 1102 2976 Ve-

30 3032 114 3096 leritrs
147 3035 239 3096 Publ.
296 3033 450 3098 Illud-M.
471 3033 612 3114 pertinet
642 3030 682 3094 sd
714 3032 875 3112 expulsum
901 3033 1022 3097 Horatii
1047 3051 1101 3094 no·
1173 3091 1178 3103 ,

29 3169 97 3214 men.
167 3153 248 3216 Tres
280 3157 382 3216 autem
416 3139 469 3214 elii
509 3151 600 3214 oodd.
633 3152 669 3212 Τ.
703 3151 906 3213 Hermenium
940 3147 1101 3212 consulem
1161 3147 1186 3172 ‘⁸

31 3269 125 3334 edunt.
182 3269 291 3346 Adde,
324 3270 406 3350 quod
433 3269 522 3330 Leid.
547 3288 594 3348 pr.
619 3267 732 3328 Purius
760 3267 924 3326 Lueretius
957 3272 990 3326 et
1014 3267 1101 3326 Ithe-

30 3392 90 3450 nu
120 3349 220 3453 sose}
254 3390 367 3451 nunus
400 3385 532 3449 eunus
560 3385 686 3448 uuest.
711 3383 847 3444 emines
910 3383 1031 3462 oureus
1060 3382 1100 3443 ue
1176 3434 1182 3444 .

32 3511 135 3572 caussis
161 3507 333 3580 concedes,
359 3507 486 3586 opinor,
511 3503 667 3566 Gronovio
691 3509 723 3564 et
749 3503 1001 3569 Drakenborstio
1027 3499 1099 3566 VV.
1169 3518 1172 3524 ·

31 3623 70 3686 lll.
90 3629 131 3690 ita
154 3634 306 3708 utsupra
330 3625 487 3706 posuimus
516 3621 714 3686 scribendum
740 3639 819 3682 esse.

116 3768 223 3843 Hsee,
259 3781 337 3843 quse
376 3761 508 3822 clamant
539 3759 684 3830 codices,
722 3757 836 3820 dooent
868 3759 958 3832 etlam
984 3757 1099 3818 multae

31 3881 96 3946 aliae
127 3887 279 3957 rationes,
314 3881 424 3942 sllotse
452 3878 525 3938 illae
557 3875 755 3962 aGlareano
780 3882 813 3937 et
837 3877 970 3956 Sigonio.
1026 3876 1098 3950 Om-

31 4001 104 4068 nium
129 3977 261 4080 aliordm
294 4001 477 4079 scriptorum
500 3995 574 4058 lssti
606 3994 784 4058 oonsulibus
818 3995 1014 4060 illiseieetis
1039 4013 1100 4056 non

31 4123 215 4196 quadrarent.
275 4125 377 4202 Quare
411 4135 472 4178 non
504 4133 628 4194 possum
658 4115 731 4194 quin
764 4114 941 4178 dissentiam
975 4135 993 4176 s
1024 4113 1099 4173 Nie-
1182 4149 1184 4154 ,

30 4235 146 4316 buhrio,
176 4241 231 4318 qui
262 4238 382 4300 Livium
414 4251 591 4296 numerasse
616 4195 740 4312 qdidem
777 4253 888 4298 annum
923 4235 1010 4296 illum
1027 4231 1100 4302 248,
1201 4211 1205 4224 ⁸

31 4371 119 4436 neque
141 4366 247 4424 tamen
277 4354 419 4418 eonsules
449 4352 610 4452 scripsisse
635 4358 753 4414 oenset.
