2672 4904
1038 275 1106 348 85,

22 469 175 534 Volteium
198 459 343 532 uduo·
377 483 522 534 numeros
547 487 729 548 usurpasse,
763 473 951 550 corrigemus
980 475 1104 536 suadeo
1227 541 1233 552 ,
1297 518 1301 526 .

21 605 95 656 num·
127 584 285 652 ccxcvi
318 586 352 648 iu
382 583 521 648 GGXGH
548 619 590 632 -
622 591 744 668 saepius
777 589 869 652 etiam
902 593 933 653 in
968 595 1016 653 ed.
1050 613 1094 674 pr.
1219 641 1227 654 .

22 707 153 786 singutas
180 713 379 800 numerorum
412 675 502 768 noted
537 710 704 788 permutari
733 710 904 772 rtatimat
929 712 1018 772 initio
1052 715 1096 774 vi-

22 827 125 892 dimus.
187 827 235 888 ita
259 828 322 892 292
350 844 446 890 aunon
474 834 544 890 ante
573 827 747 905 Vinicium.
779 847 858 892 suno
889 850 918 890 u.
942 827 1005 892 tm
1030 829 1097 890 irai-
1167 801 1179 818 '

20 947 76 1008 inm
108 917 243 1025 primum
270 947 427 1026 inceptum
459 953 517 1008 est.
584 950 675 1029 Quod
701 967 793 1027 quum
826 966 904 1010 suno
932 947 1013 1020 titt,
1048 955 1105 1008 ut·-

20 1072 86 1142 pote
113 1083 213 1132 unos
233 1062 410 1128 cuxxvii
431 1073 503 1128 aute
519 1065 674 1130 Vinicium
701 1085 790 1139 coar..
817 1065 968 1145 Carthago
995 1065 1097 1126 diruta

20 1184 73 1254 sii,
114 1176 446 1246 videmus‘cornelro.
482 1185 615 1246 Lentulo
653 1185 802 1246 Mummio
835 1185 972 1252 Achaico
1014 1201 1096 1264 cess.

19 1272 189 1393 denudare
207 1302 267 1366 lit
284 1320 380 1364 aanor
402 1303 550 1364 bellatum
567 1303 629 1364 dici
652 1323 669 1364 a
689 1302 835 1365 velleio:
860 1321 931 1364 nem
949 1303 1098 1366 diii-48⁰

19 1432 55 1470 =
74 1419 177 1483 CXV.
235 1420 382 1484 Getarum
404 1409 462 1483 uix'
481 1429 652 1484 memoratu
674 1421 805 1502 mgnum.
825 1429 890 1495 est,
917 1422 999 1500 qnod
1025 1422 1098 1484 libri

21 1537 52 1598 Π.
76 1539 189 1618 capitis
207 1540 250 1604 88
275 1557 420 1602 numerus
444 1539 618 1602 cuxxxrl
641 1547 747 1602 contra
770 1543 889 1602 immori
907 1538 1099 1613 ccxxvii,

21 1674 102 1731 quem
129 1657 230 1737 priori
254 1658 327 1724 iano
352 1658 502 1732 vidimus,
533 1661 748 1720 auctoritatem
772 1660 850 1720 nihii
873 1659 983 1734 ualeat,
1009 1679 1098 1738 prae-

21 1775 119 1838 sertim
160 1794 252 1854 quum
285 1777 397 1840 eodem
433 1779 466 1840 iu
502 1778 603 1858 capite
634 1779 725 1840 etum
761 1785 923 1858 comuptus
954 1777 1008 1838 iile
1041 1795 1098 1838 ιιιι-

22 1913 114 1958 nerna
135 1890 247 1960 0011ss
273 1895 404 1975 legatur.
459 1898 563 1974 Quare
587 1899 649 1958 hoo
674 1917 795 1988 quoque
822 1899 892 1962 ioco
924 1895 1099 1956 CLXXVII

23 2011 215 2078 nabendum
241 2019 301 2074 est.

108 2173 199 2249 Quas
228 2175 350 2230 nostras
377 2171 607 2232 emendationes
635 2175 661 2232 ri
685 2175 836 2252 accipias,
862 2172 981 2234 videbis
1009 2175 1101 2234 etiam

22 2290 87 2350 aiios
118 2285 241 2376 Velleii
269 2269 413 2350 numeros
441 2290 600 2368 quadrare.
668 2293 727 2374 Qui
763 2311 855 2372 quum
884 2293 1100 2376 Carthagn'nem

24 2415 48 2466 et
72 2425 171 2470 annos
202 2403 375 2470 nevaii
399 2411 524 2470 stetisse
559 2417 590 2471 et
618 2384 707 2500 L'iiv
744 2391 970 2472 ante‘Romam
1005 2431 1100 2472 annos

23 2527 173 2586 conditum
206 2525 324 2601 madet,
361 2547 399 2590 eo
440 2529 516 2588 nihii
553 2529 636 2588 aliud
668 2531 838 2609 signifieat,
877 2533 936 2592 nisi
961 2531 1101 2594 nomam

24 2647 175 2706 conditam
211 2664 303 2718 esse,
348 2665 441 2724 quum
472 2645 665 2725 Carthaginis
700 2669 794 2708 annus
828 2651 937 2710 natalis
976 2669 1100 2729 sexage-

23 2765 126 2826 ninius¹
147 2764 271 2842 quintus
301 2771 536 2837 numeraretur,
575 2767 595 2825 i.
619 2785 646 2823 e.
677 2785 769 2842 quum
804 2785 912 2853 reapse
948 2765 1100 2846 Carthago
1190 2825 1198 2834 ,

25 2901 130 2943 annum
157 2851 383 2960 sexagesimum
407 2889 550 2962 quartum
578 2881 756 2962 implesset,
781 2885 997 2944 consummatis
1027 2873 1100 2943 vero

25 2999 191 3062 naizxvii
231 2992 316 3061 annis
353 3002 376 3065 i.
401 3020 427 3061 e.
471 3021 530 3080 quo
564 2985 702 3082 tempore
734 2980 939 3084 sexagesimus
976 3009 1102 3062 octavus

26 3127 142 3194 praeter
166 3123 423 3182 sexcentesimum
449 3121 642 3202 Carthaginis
669 3143 780 3185 annum
804 3131 964 3204 ageretur,
993 3103 1102 3182 orbern

28 3235 155 3300 deletam
184 3255 261 3300 esse.
333 3239 381 3298 ita
415 3241 516 3298 omnia
545 3251 735 3317 congruunt:
764 3232 895 3317 namque
919 3229 1019 3310 o4†
1035 3216 1102 3298 'oui

27 3359 139 3438 :668
164 3375 188 3416 s.
206 3359 286 3430 667,
311 3373 403 3440 quum
430 3356 468 3414 de
497 3373 558 3414 uno
584 3373 663 3416 anno
688 3358 799 3416 talibus
826 3359 857 3416 iu
884 3335 1011 3415 calculis
1040 3359 1101 3414 nou

29 3469 236 3552 disputandum
262 3477 313 3540 ait.

120 3677 225 3755 Itaque
260 3695 357 3754 usque
394 3677 433 3736 ad
465 3659 576 3740 anirum
606 3682 668 3742 564
705 3677 885 3738 Veiieianos
915 3694 1059 3736 numeros
1088 3681 1151 3758 ις.
1161 3682 1214 3742 49

31 3791 156 3855 Liuianis
193 3815 256 3856 non
294 3795 459 3855 dissentire
497 3796 637 3856 vidimus.
713 3801 798 3874 Quos
835 3794 948 3854 deinde
989 3811 1105 3872 ponere

31 3911 104 3972 solet
130 3934 292 3988 numeros,
320 3914 343 3974 ii
369 3913 442 3994 satis
469 3919 574 3992 aperte
600 3913 784 3986 ostendunt,
812 3911 974 3974 Velleiunr·
994 3930 1106 3990 prope-

8 4035 110 4092 'rante
146 4033 262 4096 adamo
290 4032 462 4111 scripsisse.
524 4031 603 4106 Nec⁴
622 4033 748 4106 mirum,
779 4051 870 4110 quum
906 4049 982 4110 opus
1015 4029 1104 4104 iliud,

30 4148 63 4206 ud
86 4151 305 4232 celebrandum
323 4149 438 4213 Vinicii
465 4150 656 4212 consulatum
682 4154 906 4230 conscriptum,
931 4156 992 4210 tam
1022 4149 1105 4207 ocle-

31 4268 102 4328 riter
140 4269 366 4332 conficiendum
409 4275 510 4342 esset,
551 4275 585 4330 ut
627 4289 665 4330 ne
701 4273 796 4360 ipsius
829 4271 896 4332 initi
930 4291 947 4328 a
980 4267 1104 4328 Vinicio

28 4388 216 4482 magist-ratus
244 4393 363 4467 tempus
388 4389 478 4450 nimis
507 4389 782 4468 transgrederetur.
834 4391 933 4468 Hinc,
960 4392 993 4444 ut
1019 4392 1105 4446 reete
