2686 4906
1064 291 1118 367 65

46 497 158 547 errores
184 488 414 567 perstringeret.
470 487 629 566 ,Quamvis
655 491 757 550 autem
783 487 877 550 multa
907 507 1024 554 summo
1047 495 1120 557 lure

47 610 149 666 mahta
183 606 245 690 sint
271 629 289 668 a
321 609 462 688 Sigonio,
510 607 607 668 nihilo
641 613 742 670 mmcn
781 611 881 670 accius
912 610 951 670 ad
984 619 1118 694 nostram

46 741 132 800 usque
161 730 294 787 aetatem
325 759 367 772 -·-
399 732 435 788 ut
467 745 493 786 e.
530 745 558 804 g.
603 728 634 786 in
671 727 831 788 Sturriaus
866 729 945 790 Livii
985 729 1120 791 editiore

44 843 132 902 rideri
160 844 302 904 licet-
333 863 393 904 nou
419 845 553 924 Sigonii,
590 846 647 906 sed
670 845 814 907 Glareani
841 847 1038 927 chronologia
1067 849 1120 909 Li-

44 961 120 1022 riuna
152 967 280 1024 utuntur
305 963 499 1041 interpretes.
560 964 713 1024 Glareano
746 969 848 1042 autem
876 968 995 1044 primo,-
1028 983 1120 1045 posse

44 1081 150 1159 aliquid
190 1080 229 1140 de
262 1080 458 1162 chronologia
490 1081 617 1144 Liviana
650 1083 805 1161 comperi,
848 1089 981 1158 testato,
1018 1085 1121 1166 lepida

45 1199 90 1260 illa
122 1198 162 1286 dc
199 1216 256 1258 ovo
288 1197 431 1259 Columbi
469 1202 602 1260 uamtio
636 1201 714 1260 verti
748 1201 847 1279 possit
878 1201 909 1260 in
941 1201 1119 1280 Sigonium3
1149 1188 1161 1202 ’

45 1318 77 1375 ob
112 1333 165 1389 ea,
206 1335 282 1394 quae
322 1317 378 1378 illo
408 1323 577 1397 praeeunte
611 1326 696 1381 recte
729 1321 864 1392 invenit,
899 1319 1031 1380 mirifice
1061 1321 1120 1380 sibi
1229 1327 1231 1332 '

45 1433 217 1512 placentem.
278 1435 319 1493 ut
347 1434 443 1512 (quod
466 1433 644 1520 maximnm)
671 1457 710 1497 ne
736 1437 877 1517 Sigonius
904 1437 1028 1516 quidem
1052 1441 1119 1518 ipse
1220 1445 1223 1452 '

44 1559 120 1613 recta
150 1554 199 1613 via
226 1553 414 1630 processisse
449 1553 589 1629 videtur,
631 1555 664 1613 id
698 1541 787 1632 quod
819 1557 919 1634 magni
955 1556 1120 1638 Niebuhrii

45 1691 110 1747 pace
136 1671 284 1743 dixerim,
313 1671 365 1747 qni
390 1670 477 1730 illum
506 1670 575 1730 iere
602 1672 723 1736 omuino
746 1690 853 1732 nerum
870 1672 985 1733 vidisse
1004 1680 1122 1734 censet.

45 1789 193 1868 Sigonium
215 1795 317 1850 autem
347 1789 373 1848 si
398 1807 621 1865 sequeremur,
650 1809 890 1870 proponeremus
916 1791 1003 1851 vobis
1029 1790 1119 1850 chro-

45 1910 208 1988 nologicum
245 1908 396 1986 quoddam
430 1913 582 1985 systema,
622 1909 763 1968 omnihus
800 1927 837 1968 ex
872 1910 1008 1968 numeris
1047 1927 1147 1982 qua-.

46 2026 145 2100 draus,
172 2027 215 2086 ita
233 2031 268 2084 ut
283 2005 388 2084 Livius
407 2015 505 2082 fastos
530 2027 562 2080 et
586 2024 666 2082 bene
693 2023 865 2095 ordinatos,
891 2029 922 2082 et
945 2025 977 2082 in
999 2041 1120 2102 quoque

46 2145 196 2206 consulatu
221 2143 356 2200 numeris
383 2139 616 2218 chronologicis¹
636 2140 791 2218 praeditos
825 2141 946 2217 quotics
969 2142 1122 2201 scriberet

46 2263 118 2323 iuxta
153 2280 188 2321 se
231 2230 347 2338 positos
380 2243 526 2326 habuisse
555 2257 724 2320 videretur.
793 2261 909 2350 Atyero
939 2259 1049 2330 totius,
1069 2259 1121 2318 lu-

45 2363 144 2442 rianae
166 2379 313 2440 historiae
349 2363 486 2460 naturam
521 2381 612 2454 atque
645 2351 913 2437 indolem-contra
939 2378 1121 2437 sententiam

46 2499 121 2559 iham
152 2516 286 2578 pugnare
320 2503 475 2576 putamus·
537 2497 641 2558 Livius
675 2498 765 2564 enim
783 2465 1047 2570 lantum‘aherat,
1086 2502 1122 2556 ut

47 2619 72 2676 in
100 2609 203 2677 omnes
236 2621 385 2692 quotquot
419 2623 524 2694 posset
557 2615 705 2693 cuiusque
736 2618 784 2676 rei
809 2624 913 2694 gestae
945 2617 1049 2675 fontes
1074 2617 1121 2674 in-

49 2737 192 2811 quireret,
231 2733 431 2810 doctrinaque
462 2733 652 2822 abundantes
676 2732 771 2825 libros
802 2731 1056 2793 elucubrareturr
1087 2738 1122 2790 ut

50 2872 107 2932 eam
142 2853 290 2932 imprimis
336 2851 493 2912 scribendi
535 2853 685 2912 rationem
720 2855 924 2928 sequeretur,
964 2871 1022 2930 qua
1060 2869 1121 2912 uon

51 2971 138 3032 solnm
172 2971 372 3032 eruditissimi
390 2969 541 3049 'quique,
575 2969 631 3030 sed
665 2989 771 3031 omnes
800 2971 946 3032 mortales
983 2970 1120 3030 delecta-

51 3098 154 3152 rentur.
209 3091 371 3150 Ferventis
397 3090 511 3165 ingenii
536 3089 652 3168 impetn
678 3089 717 3169 ad
741 3089 940 3182 scribendum
964 3073 1121 3170 appulsus,
1156 3074 1180 3092 '¹

52 3225 102 3268 uou
127 3210 242 3288 potuit,
268 3209 340 3286 quin
370 3210 474 3287 populi
500 3210 548 3267 sni
572 3229 624 3268 res
649 3211 868 3285 perscriberet,
895 3212 936 3269 ita
963 3181 1122 3304 tamen-ut

52 3343 191 3404 nunquam
226 3347 287 3386 raon
304 3332 352 3387 *et
370 3330 466 3384 'suam
493 3325 598 3402 ipsius
619 3323 859 3382 consolationem
889 3331 922 3382 et
951 3323 1121 3400 legentium

52 3442 225 3523 voluptatem
250 3426 431 3504 sectaretur.
480 3412 622 3518 ·Et‘quis
649 3442 772 3518 estqui
798 3451 899 3522 neget,
928 3461 998 3502 eum
1020 3441 1122 3500 diviua

52 3580 97 3623 sua
135 3554 186 3645 (si
214 3565 255 3622 ita
273 3563 368 3638 loqui
391 3559 442 3620 ias
473 3556 545 3644 est)
585 3559 741 3622 scribendi
774 3567 841 3638 arte
879 3563 1019 3622 omuibus
1051 3561 1122 3620 fere
1219 3555 1221 3557 ’

52 3676 193 3742 historicis
221 3681 350 3760 palmam
376 3679 604 3757 praeripuisse?
642 3679 710 3754 quis
739 3682 804 3749 est,
831 3679 883 3754 qni
906 3683 1015 3756 neget,
1042 3649 1122 3736 hirii

53 3799 192 3860 volumina
216 3783 259 3844 ¹-
292 3795 383 3856 modo
417 3814 456 3855 nc
482 3797 661 3858 imminente
692 3793 751 3853 hoc
775 3795 918 3874 Europae
952 3793 1037 3853 bello
1063 3794 1120 3852 im-

54 3916 161 3991 pleatur
187 3917 282 3979 fatale
308 3901 386 3974 illud
406 3913 576 3973 ‚Niebuhrii
604 3913 794 3989 praesagium
823 3875 1022 3992 „redituram
1051 3931 1120 3974 esse

19 4005 20 4070 Ῐ
53 4035 136 4096 rnedii
165 4035 337 4096 barbariem
372 4025 445 4091 aevi
470 4063 511 4074 -
543 4031 612 4108 quis
652 4033 722 4106 est,
756 4031 895 4107 iuquam,
936 4033 989 4109 qui
1014 3995 1119 4110 neget,
1227 4045 1229 4048 ·

42 4149 122 4212 ‚Livii
150 4153 304 4215 volumina
328 4151 401 4212 dum
425 4147 559 4210 muudus
592 4154 653 4209 stet
686 4149 873 4212 evolutatum
898 4152 963 4212 int
1014 4151 1120 4227 ltaque

55 4259 109 4347 (nt
131 4271 169 4333 ad
194 4271 247 4344 id,
281 4270 364 4348 quod
391 4269 490 4350 primo
515 4267 690 4347 posuimus,
725 4265 940 4354 revertamur)
973 4267 1012 4328 de
1034 4269 1120 4329 annis
1210 4353 1213 4358 Ι
1322 4275 1324 4282 ⁴

53 4385 84 4444 ab
109 4391 182 4452 urbe
208 4389 330 4450 condita
358 4389 543 4462 numeratis,
560 4438 562 4443 .
579 4407 656 4465 quae
682 4407 732 4450 res
761 4389 899 4468 plurimis
928 4388 994 4449 eius
1023 4387 1120 4448 lecto-
