2672 4904
203 166 226 217 1

237 257 319 336 no
399 365 402 374 Ι

333 439 424 534 ein
449 439 509 518 aa
537 449 676 531 ernon
702 446 903 532 menum,
917 447 1016 528 rnna
1041 454 1168 532 ιιι,-
1189 449 1316 530 usqua

236 593 299 662 aaa
321 572 469 639 varrus
490 589 614 652 qaoque
639 589 713 634 aera
736 569 866 634 volarat
964 619 967 626 .
1025 611 1029 622 .

239 751 249 760 ·
312 731 547 814 'Saepiusiam
566 728 774 792 varronianae
799 727 1016 807 chronologiae
1041 725 1233 790 mendonem
1258 729 1314 802 ini,

235 855 329 934 idque
357 850 508 914 consulto.
564 851 708 927 Quamvis
734 849 818 910 enim
847 869 915 911 nno
940 840 1160 938 cnm'ldelero
1187 845 1314 910 andlan

235 975 569 1064 inaquam'nnmcrnm
594 963 775 1031 invenerim
799 967 901 1054 ipsius
924 963 1088 1030 Varronis
1105 967 1242 1030 nonainc
1267 967 1311 1027 in-

233 1091 410 1184 diffinitum,
444 1094 547 1172 tamem
571 1085 626 1149 nis
656 1082 696 1148 de
722 1085 838 1149 caussis
868 1085 1022 1159 adducor,
1058 1093 1095 1147 ut
1126 1073 1309 1149 Varroniano

235 1212 396 1292 systemati
420 1217 558 1272 veterem
580 1227 665 1270 suam
689 1207 899 1286 antiquitatem
925 1203 1070 1270 intactam
1095 1203 1276 1286 relinquam.

126 1340 249 1466 Μ...
335 1329 472 1436 Primum
507 1369 711 1440 Censorium,
728 1443 732 1452 ι
751 1367 804 1447 qui
843 1383 877 1426 se
912 1364 1087 1428 Varronem
1126 1368 1216 1446 sequi
1247 1386 1307 1458 pro

218 1463 340 1584 {nitetur
361 1490 431 1570 „lle
458 1487 552 1552 tertio
581 1477 775 1576 (historico),
802 1486 912 1572 inquit,
941 1490 1080 1564 tempore
1106 1483 1169 1546 init
1193 1483 1307 1564 quidem

98 1675 106 1696 Ι
234 1611 336 1693 aliqua
355 1609 445 1684 ¹inter
474 1613 616 1671 auctores
647 1603 818 1682 dissensio,
849 1606 882 1668 ln
908 1623 964 1666 sex
997 1614 1157 1684 septemve
1186 1611 1306 1670 tantum

153 1700 158 1714 .
234 1729 326 1814 modo
348 1729 435 1795 annia
463 1731 593 1788 versata.
644 1724 708 1788 Sed
735 1725 795 1788 hoo
818 1725 1025 1809 quodcunque
1051 1723 1191 1805 caliginis
1217 1722 1305 1786 vmo

235 1846 398 1938 decussit,
434 1851 469 1906 et
501 1864 556 1932 pro
582 1851 686 1908 cetera
715 1862 769 1904 ana
798 1845 981 1924 sagacitate,
1019 1860 1101 1907 nuno
1127 1841 1306 1908 diversum

236 1967 403 2030 civitatium
426 1963 593 2029 conferens
619 1970 769 2046 tempora,
793 1981 875 2028 nune
897 1961 1053 2038 deiectus,
1081 1981 1246 2048 coramque
1265 1961 1306 2022 iu-

120 2106 122 2118 ·
236 2085 363 2174 terualla
390 2089 475 2146 retro
504 2082 717 2178 dinumerans,
747 2082 827 2146 eruit
852 2099 958 2144 aerum
980 2082 1144 2162 lucemque
1170 2079 1305 2158 ostendit,

235 2223 292 2282 per
321 2221 409 2280 quam
443 2177 589 2260 numerus
625 2205 730 2260 certus
763 2219 826 2260 non
862 2219 1010 2264 annorum
1044 2199 1159 2276 modo,
1196 2199 1249 2262 sed
1277 2205 1305 2262 et

236 2319 355 2380 dierum
392 2317 527 2399 perspici
560 2317 667 2398 possit.
730 2316 906 2380 Secundum
938 2338 1027 2396 quam
1054 2321 1221 2393 rationem,
1253 2319 1303 2378 nisi

235 2439 339 2512 fallor,
367 2439 419 2500 hio
445 2456 560 2513 annus,
588 2437 674 2496 ouius
700 2435 786 2495 velut
812 2435 905 2497 index
933 2445 966 2498 et
989 2437 1097 2500 titulus
1125 2440 1244 2518 quidam
1264 2445 1304 2499 est

236 2557 322 2638 Ulpii
353 2562 385 2616 et
413 2554 556 2616 Pontiani
589 2554 784 2630 canaanlatu,
816 2555 855 2617 ab
885 2555 1068 2636 Olympiade
1096 2559 1194 2638 prima
1217 2559 1303 2620 mille-

236 2675 330 2738 simus
359 2679 408 2734 eat
433 2677 465 2733 et
489 2679 615 2752 quartus
641 2671 790 2752 decimus,
819 2691 857 2735 ex
880 2672 990 2734 diebus
1013 2673 1159 2738 duntaxat
1182 2669 1325 2746 aestiuis*

236 2795 347 2877 quibus
377 2812 455 2872 agon
484 2791 664 2872 Olympicus
695 2792 880 2866 celebratur,
905 2793 1039 2854 altoma
1063 2801 1168 2858 autem
1194 2795 1303 2858 condita

237 2911 430 2986 ncccxm,
466 2917 497 2971 et
521 2911 645 2990 quidem
670 2927 711 2970 ex
736 2911 909 2985 Parilibus,
937 2911 1020 2972 unde
1046 2914 1132 2976 urbis
1157 2916 1227 2975 anni
1251 2933 1303 2976 me-

235 3033 424 3095 morantur.“
474 3031 680 3114 Quamobrem
711 3051 737 3090 a.
767 3029 797 3089 d.
817 3013 861 3090 ill
886 3029 953 3090 Kal.
979 3031 1078 3092 Maias
1106 3027 1211 3096 01.o³
1238 3031 1302 3095 Var-

234 3151 303 3210 roni
326 3147 451 3215 oondita
484 3153 532 3206 est
558 3147 665 3208 Roma.
726 3147 849 3208 Primus
877 3167 951 3209 vero
979 3151 1064 3210 urbis
1093 3171 1192 3212 annua
1218 3152 1302 3232 olym·

233 3252 324 3352 piade
348 3262 393 3330 64
417 3267 601 3330 continetur.
652 3266 697 3327 lta
723 3266 804 3328 enim
833 3267 994 3348 capitolina
1018 3252 1088 3330 aera
1111 3269 1303 3360 olympiaden

232 3383 272 3450 7¹
306 3388 439 3448 exlrilret.
505 3387 610 3464 ltaque
645 3385 794 3453 Varronis
826 3405 897 3450 aera
935 3405 995 3448 uno
1027 3407 1106 3450 anno
1137 3389 1242 3450 differt
1272 3387 1302 3448 ad

231 3525 303 3567 aera
342 3504 514 3583 capitolina.
591 3501 724 3563 Varroni
762 3524 841 3572 anno
880 3505 943 3568 753
980 3505 1055 3568 urbs
1094 3507 1216 3572 condita
1254 3511 1300 3566 est.

231 3625 317 3687 ldcm
354 3624 465 3697 docet,
513 3640 603 3701 quem
642 3619 688 3681 Gi.
735 3621 876 3686 ldelerna
915 3627 1078 3701 excitavit,
1127 3625 1301 3690 Plutarchus

230 3735 369 3826 (namu.
396 3737 598 3826 a.12)³⁰).

214 3856 530 3948 1-

272 4055 325 4132 ³⁰)
351 4063 508 4117 Notandum
534 4067 592 4129 est,
620 4057 709 4118 totam
731 4066 914 4121 Catonianam
941 4071 970 4122 at
992 4066 1192 4122 Varronianam
1218 4077 1298 4120 aaran

282 4165 285 4172 ⁴
350 4143 467 4202 ιΙιιιιιιιι
474 4147 664 4202 taatammodo
676 4147 802 4204 locorum
813 4151 979 4206 auctoritato
992 4149 1054 4217 niti,
1062 4167 1181 4222 quanm
1193 4151 1298 4206 altam

352 4227 425 4296 §pluo
439 4229 488 4296 id,
510 4231 629 4287 altarum
649 4231 704 4286 lton
716 4232 750 4288 il
772 4231 973 4302 descripsimus.
1016 4234 1175 4290 Notandum
1193 4234 1297 4300 iusuper.
1318 4239 1319 4269 l

351 4310 476 4363 Solinnm
497 4311 616 4378 copitel
638 4313 767 4366 Varronis
796 4321 823 4365 ct
845 4307 957 4366 (inlinis
979 4331 1066 4385 neque
1089 4317 1201 4370 nomino
1223 4325 1297 4380 nequ?

227 4431 232 4444 .
349 4407 428 4446 aeras
450 4389 542 4443 citare.
