2672 4904
1035 245 1089 320 77

31 457 76 516 que
102 443 173 502 rute
199 445 320 522 tempus
354 441 532 502 oonsulibus
565 441 707 507 abdioare
741 461 775 505 re
806 449 1000 530 magistratu,
1028 467 1089 527 quo

30 539 156 622 uberius
181 561 252 621 novi
277 561 421 622 eonsules
448 559 596 624 adversus
624 567 738 625 batam
764 564 878 629 molem
902 565 980 628 belli
1003 585 1088 630 erea-

30 681 147 740 reutur.“
196 679 290 742 Unde
310 679 474 762 colligitur,
500 685 638 764 graviore
653 703 782 766 quoque
803 685 888 748 bello
910 691 1019 750 exorto
1036 703 1088 748 eoa

30 801 169 874 ιιιιιιΙιι,
192 819 322 879 quorum
346 803 379 862 la
403 803 579 882 magistratu
601 797 723 886 (utpote
737 802 886 892 exeunte)
912 798 994 868 illurl
1008 804 1089 867 aeel·

29 917 117 994 lisaet,
143 927 215 982 auto
242 921 314 991 anui
338 921 387 984 sui
408 923 501 984 linem
530 925 699 1002 abdicasse.
753 927 855 1005 Quum
878 925 960 988 enim
976 923 1090 986 nemini
1143 987 1146 992 .

29 1037 129 1122 eatuli
144 1039 266 1115 liceret,
291 1059 403 1102 anuum
419 1041 549 1122 amplius
572 1044 606 1103 lu
627 1044 803 1122 magistratu
818 1061 1010 1123 permanere,
1037 1047 1091 1134 aut

29 1152 76 1216 luo
97 1177 227 1220 neeesse
260 1165 326 1222 erat
349 1162 553 1241 imperatores
577 1161 665 1223 brevi
696 1164 843 1242 temporis
872 1163 968 1242 spatio
997 1161 1030 1224 lu
1053 1177 1091 1220 re

28 1278 145 1352 geraudo
179 1299 250 1342 sere
285 1281 480 1361 exciperent,
515 1285 569 1342 aut
600 1299 700 1359 usque
731 1279 770 1343 ad
795 1280 985 1360 insequentia
1020 1279 1091 1342 anui

27 1396 128 1460 initium
161 1399 280 1461 belliuu
315 1401 382 1459 erat
412 1382 629 1498 differentiora.
666 1398 783 1478 ,Quod
817 1400 850 1461 ui
877 1399 947 1461 lieri
975 1402 1090 1478 posset.

28 1517 123 1595 optime
157 1536 265 1600 parum
305 1523 393 1599 aptae
437 1518 485 1580 illi
524 1519 637 1582 dueum
679 1521 839 1582 mutationi
876 1517 1091 1582 metiebantur.
1149 1525 1151 1530 ’

27 1633 95 1696 Ηιιι
129 1642 215 1710 erat,
253 1636 331 1698 mihi
362 1635 476 1711 erade,
512 1635 597 1696 illius
635 1652 742 1697 oaussa
777 1637 928 1714 instituti,
961 1651 1108 1714 namque·

28 1769 109 1833 usque
142 1755 181 1819 0.
201 1755 358 1850 Plautiurn
392 1755 428 1816 L.
452 1756 618 1818 Aemilium
651 1773 727 1818 ooss.
753 1775 922 1836 neque-
949 1761 990 1817 ut
1003 1761 1093 1836 palat

29 1870 150 1950 Sigonius
175 1903 218 1918 -
242 1873 289 1936 M.
305 1871 447 1934 Fulvium
468 1873 658 1970 Nobiliorem
682 1881 834 1953 tamquam
856 1876 941 1935 bello
957 1873 1093 1954 gereurlu
1172 1887 1216 1972 0

28 1988 141 2069 impares
167 1995 255 2052 notet
282 1990 421 2048 historia.
480 1988 601 2066 Opimio
630 1994 734 2049 autem
767 1989 1002 2067 Postumioque·
1016 2007 1097 2052 eoas·

28 2106 165 2190 Hispanos
209 2103 398 2174 rebellasse,
441 2103 536 2163 dubio
576 2103 704 2182 procul·
724 2105 828 2165 elucet
871 2103 911 2166 ιι
943 2109 1094 2186 Appiano,

28 2245 98 2303 quem
125 2228 243 2286 iterum
266 2241 322 2282 suo
350 2221 409 2282 sibi
436 2219 536 2302 gladio
560 2221 700 2301 iugulaus
732 2224 806 2285 uitat
830 2223 987 2304 Sigonius?
1038 2225 1100 2287 llle

28 2345 91 2406 euim
115 2345 139 2406 l.
155 2339 212 2414 vl,
231 2340 275 2402 45
290 2357 356 2418 sqq.
382 2339 514 2419 primum
540 2310 718 2415 Nobiliore,
752 2327 877 2404 deinde
894 2341 1039 2406 Marcelli
1063 2344 1096 2402 ia

26 2462 159 2544 Hispania
193 2479 245 2521 res
279 2463 381 2540 gesur
407 2461 549 2540 exponit,
582 2463 626 2521 ita
639 2460 790 2540 quidem,
823 2469 859 2523 ut
883 2462 1025 2526 Nobilior
1048 2463 1096 2523 iu
1224 2539 1231 2544 ·

26 2581 172 2655 lenonio,
199 2578 282 2659 qnod
306 2596 413 2658 passus
439 2585 522 2650 erat,
548 2579 647 2638 auimo
672 2581 808 2654 fruetur,
833 2583 906 2644 anni
929 2585 978 2644 sui
1002 2584 1097 2645 linem

16 2701 214 2764 inhibentis
243 2703 458 2778 exspectasse,
509 2697 680 2760 Marcellus
712 2705 815 2760 autem
839 2701 922 2760 iusto
940 2707 1098 2780 ,tempore
1187 2680 1188 2684 Ἰ

26 2818 205 2900 insequentis
226 2806 298 2880 enai
321 2817 410 2877 initio
429 2817 592 2896 imperium
611 2817 768 2896 accepisse
793 2813 924 2878 dicatur.
962 2817 1099 2879 ‘Temere

27 2937 107 3016 igitur
140 2936 294 3027 Sigonius¹
315 2935 506 2998 Nobiliorem
540 2935 580 2996 ob
618 2953 685 2996 rem
720 2934 801 2998 male
827 2941 945 3016 geatam
975 2934 1100 2998 domum

28 3061 199 3120 arcessitum
221 3059 381 3138 signifieat,
410 3055 442 3118 id
467 3057 548 3136 quod
571 3057 642 3118 lueo
671 3056 783 3118 elarius
811 3057 878 3136 ipre
903 3053 1025 3118 refellit
1049 3056 1099 3117 hia

29 3176 211 3242 cassiodori:

341 3301 379 3375 Q.
407 3297 546 3356 Fulvius.
600 3296 638 3354 Τ.
664 3295 783 3354 Annius

122 3417 166 3479 ffi
191 3417 282 3498 primi
308 3415 450 3476 eonsules
478 3412 514 3474 Κ.
540 3411 605 3472 Jau.
629 3413 838 3492 magistratum
865 3413 1002 3473 inierant
1029 3430 1120 3491 pro,

124 3542 195 3615 pter
216 3535 352 3596 subitum
375 3533 562 3592 Celtiberiae
585 3537 713 3594 motum.

337 3651 384 3714 M.
408 3649 591 3714 Marcellus.
642 3652 679 3711 L.
703 3647 858 3710 Valerius.

31 3772 165 3849 Quamvis
202 3790 281 3852 quae
308 3765 400 3830 modo
429 3767 560 3828 diximus
581 3769 640 3834 iam
672 3767 820 3828 sufficere
848 3765 1027 3837 videantur,
1056 3771 1102 3824 ta-

30 3907 94 3953 urea
127 3855 218 3974 plano
253 3887 423 3951 absolvitur
454 3887 593 3964 quaestio
622 3889 726 3946 nostre
747 3886 848 3946 ,fastis
883 3883 1103 3956 Praenestinis,

30 4010 135 4100 quibus
167 4009 345 4072 auotoribus
381 4010 419 4086 Q.
444 4005 572 4068 Fulvius
600 3987 742 4067 Nobilior
777 4004 815 4066 Τ.
840 4004 959 4065 Annius
984 4003 1104 4084 Luscus
1181 4021 1184 4026 ·
1262 4010 1276 4035 ‘

29 4127 62 4189 ll.
93 4131 161 4194 ιιι.
195 4129 405 4208 magistratum
434 4125 577 4187 inierunt
648 4127 787 4208 Apparet
820 4123 933 4204 igitur,
961 4121 1128 4184 Fulvium'

31 4265 86 4314 aon
118 4267 197 4312 anuo
232 4247 313 4320 5⁹7,
359 4241 416 4308 seo
442 4243 512 4308 598
542 4245 753 4324 magistratum
792 4244 916 4316 iniisse,
955 4239 1107 4318 quonlam,
1160 4233 1164 4236 ’

29 4355 236 4450 lipitomaruul
267 4367 404 4449 numeris
437 4363 612 4446 quibusque
644 4364 959 4515 binom8aunomm
992 4375 1108 4421 summa
