2686 4906
82 1293 297 1454 Postquam
334 1368 416 1430 ante
461 1319 528 1433 hos
567 1354 768 1436 octodecim
805 1383 944 1434 memes
980 1357 1168 1438 Niebuhrii

8 1563 9 1590 χ
83 1485 272 1566 historiam
296 1487 498 1568 Romanam
529 1489 645 1572 denno
675 1489 969 1590 perlegeram,'
957 1519 1028 1566 ram
1057 1505 1167 1596 statu·¹

8 1611 9 1614 '
83 1627 162 1692 tum
208 1619 318 1694 habui
361 1621 546 1698 concilium
589 1623 766 1754 quoddam
815 1623 876 1696 diu
921 1637 1003 1700 ante
1050 1629 1167 1702 animo
1210 1613 1213 1620 “

83 1750 295 1830 volutatum
361 1755 483 1849 Quum
511 1759 606 1830 enim
635 1739 679 1832 ex
707 1760 776 1832 viri
814 1757 910 1832 illius
942 1785 1078 1834 summe
1108 1787 1167 1832 ve·

82 1883 234 1958 nerandi
256 1888 449 1980 sententia,
474 1888 626 1962 Romam
652 1915 754 1965 anno
766 1888 847 1966 746
872 1892 1048 1967 conditam
1078 1919 1168 1984 esse,

84 2044 210 2092 omnes
249 2029 323 2092 tam
361 1999 535 2114 Romani,
582 2051 689 2120 quam
728 2023 872 2108 Graeci,
901 2037 937 2098 et
975 2023 1169 2098 Christiani

84 2153 225 2224 numeri
249 2149 490 2250 chronologici
517 2165 762 2250 permutentur
775 2181 921 2230 necesse
946 2159 1012 2235 sitt
1041 2155 1169 2246 mirum

84 2309 226 2380 semper
271 2309 329 2356 me
373 2283 516 2379 habuit,
564 2271 662 2385 quoti
704 2271 924 2384 coniecturae
962 2289 1059 2363 illius
1097 2294 1169 2363 iam
1254 2293 1257 2300 '

84 2427 166 2490 ante
210 2415 277 2492 hos
318 2427 393 2490 tres
438 2444 550 2492 annos
593 2423 845 2518 pronunciatio
887 2447 991 2495 nemo
1028 2421 1170 2519 publice

84 2552 299 2624 mentionem
326 2551 461 2625 feceric
531 2547 775 2648 Quamobrem
805 2553 1058 2654 chronologico
1083 2553 1168 2629 Nie-

84 2680 206 2754 buhr-ii
230 2689 461 2783 systemate'
449 2714 487 2758 ιιι
513 2697 665 2761 examen
690 2698 838 2780 vocato,
867 2713 1041 2786 quaenam
1064 2687 1170 2759 nohis

85 2843 168 2890 aera
198 2815 361 2890 Romana
392 2817 573 2917 sequenda
600 2823 667 2910 sit,
698 2823 831 2917 quique
861 2821 945 2890 anni
975 2817 1075 2940 urbis
1104 2842 1169 2890 nu·

84 2939 263 3042 morandi,
292 2975 359 3048 pro
389 2949 524 3023 viribus
552 2948 795 3024 demonstrare
826 2949 978 3024 decrevi.
1095 3051 1100 3057 .

173 3101 325 3176 Constat
352 3114 491 3198 autem,
528 3104 624 3204 apud
659 3117 798 3179 veteres
825 3105 1019 3180 Romanos
1038 3103 1169 3178 anuum

86 3262 266 3336 quemque
305 3249 393 3350 nuru¹
420 3241 596 3330 numeris,
639 3236 704 3310 sed
742 3221 927 3312 consulum
969 3237 1170 3311 nominibus
1231 3303 1234 3310 ,
1264 3263 1267 3269 ’

84 3381 326 3474 nuncupatum
355 3395 453 3474 esse,
490 3368 802 3460 conculcantem
829 3373 962 3472 quique
992 3369 1037 3444 de
1071 3395 1170 3458 more
1249 3377 1251 3382 ’

84 3531 159 3602 per
174 3515 290 3608 totum
307 3486 448 3577 'annum
475 3504 513 3575 in
536 3506 686 3604 imperio
713 3517 833 3582 erantt
865 3529 975 3604 quare
998 3479 1043 3576 er
1065 3492 1171 3604 factio

87 3631 357 3727 consularibus,
389 3644 477 3736 quot
505 3634 634 3708 iudea
664 3633 799 3716 liberae
827 3635 927 3709 initio
955 3613 1171 3734 reipublicae

86 3757 171 3842 anui
207 3771 474 3867 praeterierint,
509 3769 546 3839 in
584 3768 788 3841 nniversmn
817 3770 903 3842 satis
939 3780 1037 3842 certo
1075 3765 1172 3840 effici

86 3927 193 3998 posse
222 3899 361 3988 videtur
380 3899 436 4000 ¹).
506 3898 741 3971 Inveniuntur
780 3912 897 3972 tamen
935 3900 1041 3972 etiam
1075 3897 1171 4000 apud

135 4198 168 4276 ¹)
196 4205 254 4261 Otr.
280 4205 345 4260 Seu.
365 4183 418 4274 ὀρ.
433 4208 460 4260 4.
487 4219 658 4272 „numerare
684 4157 788 4256 mutar
816 4203 941 4256 conculco
975 4203 1034 4289 ie.
1059 4201 1173 4256 aanor.“

194 4307 320 4361 Martial.
339 4308 362 4368 1,
383 4308 426 4362 16.
446 4307 475 4363 8.
514 4307 588 4361 Ptin.
606 4307 713 4376 Paneg.
736 4303 783 4362 ⁵8.
815 4305 874 4360 niv.
888 4305 939 4372 111,
959 4303 986 4359 6.
1031 4303 1092 4358 cai.
1107 4303 1173 4357 Ser-

195 4405 300 4470 uuam,
317 4413 349 4462 ut
369 4411 434 4462 tune
452 4407 615 4478 principium
637 4406 701 4462 anui
720 4407 868 4480 agebatur.
910 4401 968 4458 ctr.
989 4408 1047 4458 tuot.
1060 4401 1088 4458 6.
