2686 4906
1069 351 1120 426 15

39 483 42 630 i
144 551 245 628 Quum
272 547 410 626 Augusto
440 553 565 608 auctore
591 545 664 608 iusti
689 545 824 608 restituti
856 563 925 610 esse
950 547 1118 623 rideautnr,
1136 543 1165 622 ἕ.
1191 548 1228 612 lb

39 635 149 730 =eodem
175 667 308 729 fortasse
332 665 457 726 iubente
486 663 687 726 Antoniorum
714 683 824 726 nomen
849 666 1034 744 rescriptum
1060 678 1117 732 est.

38 785 154 866 Tradit.
182 786 264 848 enim
295 784 481 859 Suetonius,
514 785 685 864 Augustum
714 783 847 848 Antonio
879 788 912 844 et
937 784 1117 866 Cleopatrae

35 924 228 998 1communem
264 905 442 984 seputlturae
475 903 623 964 honorem
659 923 695 964 ao
721 903 883 964 tumulum
900 904 938 962 ab
971 905 1045 984 ipsis
1070 907 1117 968 iu·-

51 1023 178 1082 oboatum
201 1023 311 1102 pertici
337 1023 484 1095 iussisse,
513 1003 794 1100 eumque'llutonii
820 1022 1003 1100 reginaeque
1033 1042 1116 1088 eom·

50 1161 142 1203 marnes
175 1141 291 1202 liberos
323 1161 382 1204 ιιοιι
416 1159 506 1202 secus
534 1160 570 1202 ac
597 1140 824 1202 necessitudine
849 1139 969 1204 iunctos
998 1141 1057 1202 sibi
1083 1150 1115 1204 et

50 1279 231 1322 rotraerrasse
275 1273 308 1320 et
348 1279 404 1340 pro
452 1257 627 1320 cortditioue
676 1261 825 1338 ouiusquo
862 1259 1043 1322 ssustiuuise
1081 1269 1114 1322 ct
1189 1317 1191 1329 ‚

50 1379 161 1440 lusisse.
234 1379 440 1457 Quamobrem
485 1377 563 1439 illud
601 1379 683 1458 quod
724 1397 816 1457 supra
855 1378 943 1456 posui
981 1379 1113 1458 Augusti

49 1498 132 1574 potius
167 1497 263 1558 indoli
295 1499 474 1560 concreuisse
508 1463 645 1570 vitietur,
688 1515 776 1576 qrram
807 1497 888 1575 quod
924 1495 962 1556 ad
991 1495 1112 1558 cnudtt

49 1635 129 1692 usque
160 1623 298 1696 tempora
334 1617 485 1677 Antonius
515 1648 556 1660 -··
595 1615 692 1678 edicti
728 1635 820 1694 surpra
853 1613 881 1693 §.
906 1614 928 1676 2
961 1615 1110 1696 descripti

49 1734 134 1796 verbis
160 1741 231 1798 utor
250 1767 292 1780 ·-
313 1735 511 1796 inhonoratus
537 1733 665 1795 relictus
691 1733 798 1798 iuorit.

130 1899 163 1960 ln
187 1899 306 1960 ultimis
331 1899 462 1979 Augusti
489 1901 576 1962 urinis
602 1869 753 1982 apertam*
769 1891 927 1960 literarum
960 1895 1107 1961 differcn-
1125 1897 1155 1978 ᾖ.
1179 1900 1199 1962 1

48 2016 105 2076 tiam
128 2017 272 2098 distingui
300 2023 431 2078 testatur
456 2025 488 2078 et
515 2019 719 2098 Borghesius‚
755 2037 870 2077 summa
899 2017 1008 2096 dignus
1034 2019 1106 2090 fide,

47 2139 70 2194 ct
91 2135 234 2198 Piranesii
268 2135 486 2216 ιιροςιιιιιῐιιιιιιἰ
545 2135 581 2196 ld
614 2135 695 2214 quod
719 2136 832 2216 optime
870 2134 946 2194 iacit
975 2137 1006 2196 in
1040 2156 1106 2196 rem

46 2261 167 2314 nostrum
222 2254 347 2314 Etenim
373 2254 399 2313 si
427 2271 504 2314 anno
523 2255 614 2316 764T
633 2255 748 2314 iberius
772 2243 919 2332 templum
943 2253 1123 2327 dedicarit(

45 2372 145 2434 tabidae
169 2373 346 2434 consulares
375 2375 466 2434 etiam
492 2393 603 2434 sunum
618 2376 681 2436 763
704 2381 736 2434 et
762 2374 788 2432 si
814 2373 976 2432 maximum
1003 2393 1103 2435 sumas

43 2491 99 2552 unni
116 2492 176 2554 not
201 2490 322 2552 initium
348 2493 557 2572 consignatum
586 2493 803 2570 praebuerunt.
856 2491 985 2569 Reliqua
1011 2492 1103 2569 igitur

43 2606 160 2686 Augusto
185 2612 308 2670 vivente
334 2611 507 2672 continuata
533 2630 601 2672 esse
630 2611 782 2674 ridentur.

122 2773 236 2834 Ultbna
261 2773 411 2834 fastorum
437 2774 531 2835 rerba
552 2773 629 2834 baec
654 2780 744 2834 sunt:
775 2777 864 2834 Anno
885 2795 914 2852 p.
929 2775 967 2836 li.
993 2796 1020 2836 c.
1038 2779 1100 2840 841

42 2903 69 2944 er
89 2889 140 2950 sc.
163 2890 232 2952 ludi
259 2911 340 2952 saec.
370 2891 445 2950 faeti
470 2897 549 2951 sunt.
627 2893 729 2968 Quare
761 2891 902 2950 attendas
938 2893 1030 2954 velim
1060 2895 1099 2956 ad

42 3003 79 3078 id,
111 3009 188 3086 quod
215 3009 340 3070 'lbcitus
367 3001 429 3094 23)
460 3007 658 3093 Vespasiano
684 3006 730 3071 ΙΙ
764 3019 796 3072 et
829 3009 901 3071 Tito
928 3030 1004 3072 ross.
1031 3007 1098 3074 SC.

39 3117 163 3204 sactum,
198 3127 309 3202 tradit,
347 3137 387 3190 ut
415 3137 502 3190 sorte
536 3127 630 3191 ducti
654 3124 761 3212 fastos
794 3127 986 3192 adulatione
1019 3141 1097 3193 tcm-

39 3261 137 3320 poram
168 3241 320 3328 foedatos
345 3257 585 3326 exonerarent,
620 3267 764 3336 unoque
793 3247 899 3332 leqam
927 3259 1098 3310 noscerent

37 3355 222 3455 fiqeraatqne.
304 3367 403 3442 Quem
445 3365 546 3425 'l'aciti
586 3365 688 3426 locum
728 3366 851 3426 tametsi
891 3367 1015 3426 minime
1057 3367 1097 3426 ad

37 3485 138 3544 nostros
170 3483 269 3544 fastos
305 3485 411 3544 refero
447 3474 540 3562 (narn
569 3484 601 3543 in
629 3485 820 3544 calendarios
856 3489 973 3543 tantum
999 3483 1097 3544 fastos

37 3597 100 3660 cadit
129 3601 264 3662 adulatio
306 3602 376 3674 illa,
423 3609 458 3661 ut
492 3619 621 3680 quorum
656 3602 787 3681 singulis
821 3601 931 3662 diebus
962 3604 989 3662 si
1022 3601 1096 3682 quid

35 3719 115 3796 magu
150 3741 167 3780 a
201 3719 345 3798 Principe
380 3720 444 3779 sive
477 3719 515 3779 ab
556 3719 616 3779 alio
651 3739 773 3798 quoque
791 3721 997 3792 ,nobilissimo
1029 3721 1095 3779 viro

33 3839 133 3905 gestum
157 3843 226 3898 erat
249 3837 361 3898 ascribi
387 3835 506 3894 solebat
520 3829 579 3916 -)
607 3836 685 3895 illud
711 3844 812 3896 tamen
835 3837 907 3896 inde
934 3833 1095 3908 corroludo,

31 3949 105 4014 struto·
138 3963 171 4016 et
196 3955 309 4016 Caesar
345 3961 378 4012 et
406 3953 563 4032 Augustus
584 3943 646 4034 ²4)
682 3971 741 4011 non
773 3947 954 4012 calendariis
983 3953 1093 4028 solum,

30 4067 73 4128 sed
102 4073 313 4134 consularibus
344 4089 464 4149 quoque
495 4071 584 4133 fastis
621 4089 744 4150 operam
781 4069 940 4144 dederint,
983 4071 1092 4130 eodem

31 4255 308 4276 w

59 4353 107 4427 ²³)
137 4362 211 4416 aar.
227 4364 274 4428 ιι,
294 4363 338 4416 ιι.
361 4429 364 4435 ,

57 4457 104 4531 ¹⁴)
132 4465 210 4519 Suet·
232 4465 293 4518 Oet.
308 4464 354 4520 cl.
