2686 4906
36 529 71 614 3.
104 521 349 612 Annotatio
380 519 539 606 critica
567 519 614 605 in
647 511 797 604 fastos
827 515 1101 607 consulares.

241 980 244 988 ,
369 904 419 979 ln
457 930 616 977 aunum
650 897 753 974 247.

128 1079 239 1142 burcio
273 1093 401 1156 cugmen
435 1073 510 1136 nun
543 1069 668 1144 addidi,
711 1069 864 1149 Anonymi
906 1071 959 1149 qui
993 1069 1108 1130 dicitur
1124 1063 1154 1146 §-
1173 1063 1215 1128 bl
1327 1043 1328 1052 ἵ

15 1198 182 1284 ιΝοιίιὶιιιί
204 1196 384 1260 auctoritate
403 1197 517 1266 motus,
542 1190 678 1270 quemvis
694 1187 767 1248 insti
786 1186 892 1261 Siculi,
917 1187 1107 1267 Dionysium,
1149 1203 1156 1212 ·

35 1322 68 1402 ni
80 1318 185 1392 isllor,
212 1314 345 1394 sequuti,
369 1312 497 1377 Flavum
512 1311 735 1390 'cognominent
760 1313 793 1370 et
814 1307 1110 1374 benesonantem

15 1436 196 1520 lconsulcm.
279 1431 423 1496 Sedenim
457 1432 636 1509 Anonymus
669 1427 709 1490 de
742 1427 989 1508 cognominibus,
1030 1443 1109 1505 quse

15 1551 93 1616 isola
128 1553 212 1626 edit,
246 1570 364 1612 summa
400 1549 464 1608 fide
497 1549 607 1627 dignus
639 1546 772 1606 hebetur
805 1549 838 1604 et
871 1541 1041 1622 Bnrgbesio
1078 1548 1111 1602 et

36 1667 272 1757 (mihicrede)
307 1671 418 1748 cuique
447 1667 499 1745 qui
532 1685 603 1726 cum
630 1663 802 1724 accuratius
828 1681 898 1724 cnm
931 1662 1007 1744 ipsis
1033 1660 1111 1741 lapi-

15 1792 120 1854 tdibns
146 1789 325 1854 contulerit.
382 1788 449 1849 Nec
475 1773 599 1865 possum
625 1785 698 1863 quin
723 1782 775 1844 bic
800 1802 896 1864 pauco
922 1787 954 1842 ct
979 1780 1019 1842 de
1044 1779 1111 1860 ipso

15 1911 131 1996 ÷scribo
158 1907 233 1981 illo,
267 1911 299 1967 ct
324 1905 364 1965 de
398 1905 464 1965 cius
488 1905 577 1965 fastis
608 1903 797 1980 subiungam.
848 1902 1038 1964 Monachum
1062 1921 1112 1960 ar-

15 1999 128 2106 lguunt
148 2025 297 2108 combula
316 2023 525 2100 Irreligiense‚
550 2021 791 2092 Adventinense,
816 2019 870 2080 ubi
893 2019 932 2078 de
953 2016 1114 2106 redipionc
1188 2027 1207 2054 '-

15 2153 64 2256 yet
87 2147 128 2206 de
165 2143 247 2204 succi
275 2138 452 2200 Adventus
479 2147 618 2216 tempore
650 2135 755 2198 nescio
788 2135 861 2217 quid
894 2138 1044 2218 cogitasse
1068 2137 1113 2198 vi-

15 2271 16 2342 }
38 2263 124 2324 detur
148 2262 249 2322 bonus
274 2257 384 2329 homo,
416 2272 509 2334 quum
534 2256 671 2316 scribere
695 2255 854 2318 debuisset
877 2255 1056 2338 Regillense
1082 2261 1115 2318 et

15 2357 252 2442 liventinensc.
320 2377 422 2437 Latini
454 2382 614 2456 praeterea
653 2377 803 2436 sermonis
838 2377 975 2456 igniacum
1015 2377 1115 2439 fuisse
1149 2381 1151 2384 ’

28 2503 246 2593 dnonpmmn,
291 2499 325 2556 ct
357 2501 423 2556 tum
457 2495 582 2556 demum
614 2495 744 2569 vixisse,
780 2497 834 2557 ubl
871 2495 981 2558 Latina
1012 2497 1116 2578 lingue

37 2621 90 2680 ism
123 2623 177 2680 eut
207 2615 298 2695 plane
329 2619 382 2676 eut
417 2611 638 2692 propemodum
665 2613 837 2689 interierit,
873 2617 1009 2696 produnt
1037 2619 1116 2678 haec

39 2737 157 2798 recenti
182 2740 306 2794 etrunco
334 2732 469 2792 sermoni
493 2735 619 2809 cognata
644 2731 808 2790 vocabula:
844 2731 1003 2804 Mallium,
1030 2733 1117 2805 Soio,

39 2856 176 2932 Filippo,
209 2852 341 2924 Gnosso,
376 2849 486 2922 Rniio,
518 2849 689 2926 Emilinno,
718 2848 900 2922 Enobnrbo,
929 2849 1004 2922 alia;
1038 2849 1118 2909 adde

39 2975 233 3050 frequentem
271 2971 431 3030 literarum
467 2967 497 3029 V
537 2972 569 3028 et
600 2964 625 3026 B
651 2968 872 3048 mutationem,
909 2969 954 3029 nti
985 2969 1017 3029 in
1052 2989 1119 3033 voc.

40 3089 151 3153 Vivulo
182 3111 239 3170 pro
276 3089 404 3163 Bibulo,
443 3087 578 3150 Pulbilio
616 3089 648 3149 et
678 3059 784 3148 Galiba
822 3109 878 3171 pro
917 3089 1053 3152 Pulvillo
1088 3092 1120 3152 et

41 3207 140 3270 cuso.

135 3325 222 3388 Haec
249 3322 289 3408 de
324 3327 391 3404 ipso
416 3325 517 3386 scriba
549 3325 679 3384 dicenda
708 3331 804 3385 erent.
862 3329 1024 3390 Fastorum
1054 3331 1120 3391 eins

42 3445 79 3506 nd
110 3447 286 3524 qualitatem
322 3445 405 3524 qnod
438 3445 568 3519 attinet,
600 3444 633 3504 in
662 3443 850 3508 ordinalibns
878 3450 1067 3532 singulorum
1103 3471 1122 3512 a

45 3583 163 3642 qnoque
192 3563 319 3625 consule
353 3569 510 3642 gestorum
544 3563 757 3626 consulatuum
793 3571 929 3630 numeris
958 3590 1020 3631 non
1051 3589 1121 3630 raro
1182 3602 1187 3610 a

44 3685 232 3746 amanuensis
266 3683 436 3763 ignorantia
469 3689 640 3762 comperet,
664 3667 811 3770 'putantis
843 3663 926 3746 idem
955 3667 1124 3766 cognomen

46 3800 174 3862 eundem
199 3819 323 3886 semper
343 3799 383 3861 ad
410 3800 569 3860 consulem
594 3799 768 3878 pertinere,
802 3823 860 3864 nec
885 3807 1030 3879 scientis,
1057 3795 1144 3867 sues

45 3937 211 3997 penumero
234 3892 340 4002 plnres
365 3917 473 3980 eadem
490 3936 529 3978 ex
554 3923 646 3998 gente
668 3920 750 3981 uiros
773 3920 813 3981 ad
837 3941 971 3986 summos
989 3925 1124 3988 honores

15 4095 17 4110 ,
44 4040 233 4114 pervenisse.
295 4037 342 4099 De
371 4035 602 4116 cognominibus
635 4056 710 4100 vero
733 4039 824 4102 etiam
850 4059 929 4102 *novo
954 4042 1125 4124 fragmenta

46 4164 191 4234 qnantum
231 4158 286 4220 ille
328 4157 404 4238 lidei
435 4162 554 4237 merent
592 4159 767 4222 ostendunt.
838 4163 939 4240 Quare
979 4133 1124 4241 equidem

45 4275 142 4342 multe
172 4298 251 4344 nove
276 4277 471 4366 cognomine,
507 4297 585 4360 quac
620 4281 669 4344 vel
702 4281 734 4344 in
764 4280 832 4346 aliis
862 4299 983 4363 quoquc
1015 4299 1125 4364 cogna-
1207 4367 1210 4374 Ι
