2686 4906
229 280 255 352 6

130 497 133 504 ¹
230 475 361 554 ideoque
389 475 497 549 etlam,
527 481 561 535 nt
596 472 749 536 conficere
774 473 868 548 licet,
904 477 1009 536 vetera
1038 469 1159 554 longina
1187 493 1208 536 a
1231 475 1313 540 lano

228 593 464 668 insiluisse,
496 611 586 672 qnam
611 599 647 653 ιιι
671 611 742 654 cum
767 613 805 655 eo
830 593 991 654 coniuncte
1013 590 1111 654 nisse
1136 591 1311 658 viduetur.

227 713 508 790 macedoniique,
531 711 688 792 Ligurium
709 711 800 790 plane
820 731 881 774 non
900 711 1015 773 vidisse
1030 709 1166 774 Castoris
1187 697 1334 786 redemi

149 846 161 882 ²
229 835 281 895 cui
303 833 398 914 igitur
425 831 522 892 fastos
545 835 666 892 nostros
690 831 860 892 etlrilsuere
874 849 950 891 non
972 831 1083 910 potuit.

230 999 232 1007 ,
283 1029 295 1041 ‚
328 952 519 1012 Documento
547 951 675 1030 insuper
700 955 754 1011 cat
776 949 872 1028 ipsius
900 949 1017 1028 ligurii
1044 949 1212 1030 descriptio
1235 944 1310 1034 ¹¹),

229 1089 300 1132 aum
316 1069 503 1150 phantasiam
525 1087 610 1131 auem
634 1089 695 1131 non
716 1069 789 1131 satia
805 1069 988 1130 coercuisse.
1024 1069 1165 1148 Namque
1185 1077 1309 1150 praeter

230 1207 335 1251 omues
368 1196 401 1252 et
433 1189 626 1268 magistratus
666 1194 699 1248 et
725 1193 924 1276 sergestus,
959 1187 1072 1264 quibus
1103 1191 1157 1268 qai
1194 1192 1308 1251 serrati

229 1305 436 1386 suntlapides
461 1308 646 1386 implentur,
675 1311 743 1367 ecta
768 1325 889 1384 quoqne
903 1308 1082 1385 Augurum,
1107 1307 1307 1387 Quindecim-

228 1425 362 1488 vdrorum
394 1433 428 1487 et
451 1424 626 1498 Aedilium,
665 1425 786 1486 nomina
810 1430 971 1504 practerea
1003 1431 1037 1487 et
1061 1427 1249 1490 Pontificum
1278 1435 1308 1490 et

229 1545 453 1608 Proconsulmn
482 1545 515 1606 in
548 1545 665 1624 templo
692 1544 748 1605 illo
773 1543 949 1623 ‘consignata
963 1564 1038 1606 ¹uon
1074 1546 1174 1607 solum
1208 1549 1307 1611 inisse

227 1664 349 1746 prodit,
385 1664 443 1726 sed
471 1671 503 1726 et
529 1663 584 1725 ubi
610 1669 644 1724 et
667 1669 744 1740 quot
770 1681 908 1741 quaeque
933 1665 967 1725 in
991 1651 1105 1726 talinlis
1129 1665 1213 1726 lecta
1238 1667 1307 1728 ine·

227 1785 291 1845 rint
317 1784 546 1846 accuratissime
572 1782 738 1860 describit,
765 1783 809 1844 ite
830 1789 866 1844 ιιι
891 1783 1030 1855 iurares,
1058 1799 1129 1846 enm
1157 1784 1245 1846 aedis
1270 1786 1307 1845 il-

223 1902 289 1964 lius
327 1901 461 1982 lapidem
494 1919 647 1980 quemque
690 1919 747 1962 sao
782 1903 814 1961 in
857 1901 927 1962 leco
967 1903 1060 1963 situm
1099 1905 1307 1982 conspexisse.

228 2022 379 2099 Accedit,
417 2022 499 2101 quod
526 2041 602 2083 nova
632 2022 757 2100 quidem
792 2004 964 2101 fragmenta
994 2027 1098 2097 certo,
1131 2028 1238 2083 vetera
1262 2025 1307 2084 lu-

230 2143 368 2204 dubitate
396 2143 479 2202 iuxta
510 2141 619 2203 aedem
653 2141 788 2202 Castoris
818 2141 943 2200 inventa
973 2146 1054 2201 aunt.
1110 2142 1214 2218 Quare
1248 2159 1307 2204 uon
1333 2171 1334 2186 ι

164 2255 166 2267 ’
229 2260 386 2331 videmus,
414 2275 476 2319 eur
503 2259 532 2318 ei
563 2277 623 2318 non
654 2259 716 2318 sint
749 2256 923 2318 ascribendi
955 2257 1046 2319 fastri
1070 2261 1186 2332 nostri,
1220 2273 1306 2338 prae·

230 2379 337 2439 sertim
370 2395 466 2456 quum
509 2374 587 2437 lreec
628 2375 781 2436 sententia
819 2374 940 2438 duobus
977 2377 1063 2451 illis,
1102 2397 1181 2456 quoe
1223 2379 1307 2438 initio

150 2503 153 2506 '
230 2497 403 2578 posuimus,
428 2495 616 2575 argumentis
641 2494 765 2555 minime
792 2502 951 2576 repugnet.
1016 2499 1189 2576 Quodque
1214 2497 1307 2576 magis

156 2677 160 2682 ,
228 2615 452 2698 perspiciatur,
486 2616 612 2676 brevem
646 2631 775 2676 necesse
811 2621 860 2676 est
894 2617 1002 2696 templi
1029 2617 1114 2677 illins
1146 2617 1304 2678 historiam

227 2753 441 2818 proponamus.

449 2875 524 2885 -.fl-

333 2936 496 2988 dimostrato
517 2938 538 2989 il
560 2941 646 3010 luogo
668 2940 720 2992 col·
737 2940 803 2992 darc
821 2940 848 2992 in
875 2955 952 2992 reme
973 2938 1002 2990 ln
1023 2937 1117 3004 plenta
1139 2936 1184 2987 del
1206 2935 1307 3004 templo

332 3017 360 3068 di
386 3019 500 3069 Castore
526 3037 541 3071 e
564 3019 693 3082 Polluoe3
719 3019 828 3089 piaculi
849 3018 877 3068 la
901 3021 999 3068 ricerca
1023 3017 1067 3067 dei
1089 3017 1160 3085 sasts'
1179 3019 1215 3070 da
1237 3020 1307 3088 [ullo
1332 3057 1333 3060 ,

332 3099 415 3233 puelle
434 3103 547 3172 stapris-e
565 3101 607 3174 qn·
634 3101 732 3153 aocnai
751 3099 814 3149 d’nn
836 3101 932 3171 impio
950 3105 1026 3150 tanto
1041 3097 1141 3166 senoco
1160 3100 1208 3153 dot
1225 3113 1308 3174 ampo
1332 3167 1333 3172 ¹

352 3183 489 3256 ‚Ama
636 3197 647 3206 .

265 3277 312 3356 ¹¹)
330 3279 409 3340 Nellc
431 3285 593 3354 pilcstrnte,
615 3301 665 3338 ove
683 3285 728 3337 nel
750 3283 864 3356 diseguo
885 3283 910 3335 si
931 3299 1059 3354 veggono
1082 3283 1091 3335 i
1111 3286 1221 3354 segueti
1242 3286 1307 3340 lasti

332 3367 355 3420 A
376 3373 454 3420 tento
476 3369 551 3420 nelle
573 3367 667 3435 pionte
689 3369 740 3418 che
762 3366 830 3420 nolli
850 3365 941 3433 proilli
961 3367 989 3418 in
1018 3365 1091 3434 piedi
1112 3367 1306 3436 significonoi

331 3449 431 3518 luoglsi
457 3450 528 3502 dove
553 3451 678 3518 Augusto
710 3449 810 3502 seriem
843 3449 910 3501 tutti
943 3448 956 3502 i
981 3449 1052 3502 nuci
1088 3450 1233 3504 trionienti
1267 3449 1308 3504 sul

332 3547 410 3586 cerro
438 3532 529 3594 d'oro,
555 3531 683 3586 ritorneti
711 3531 837 3586 vincitori
866 3532 941 3586 nelle
972 3532 1064 3601 petrin
1095 3550 1110 3584 e
1143 3533 1228 3600 quelli
1257 3535 1307 3585 che

331 3631 453 3668 avevano
481 3619 563 3667 oveto
594 3615 660 3667 nelli
687 3613 787 3666 minori
820 3613 920 3666 trienii.
974 3613 1014 3667 Le
1052 3613 1127 3684 quoli
1164 3615 1306 3682 pilastrnte

330 3713 397 3750 sono
423 3696 472 3762 16,
501 3703 560 3749 otto
583 3697 611 3750 di
633 3698 722 3760 locri,
750 3713 766 3750 c
788 3703 846 3750 otto
873 3697 969 3750 dentro
991 3696 1052 3766 egli
1077 3696 1155 3750 archi
1175 3715 1191 3748 c
1213 3699 1307 3750 scritto

330 3796 380 3832 con
401 3778 579 3832 minutissimi
600 3769 739 3834 caratteri.
781 3781 855 3834 Nelli
875 3779 962 3848 spacii
984 3779 1093 3849 segneti
1114 3779 1146 3844 n,
1168 3780 1220 3832 che
1242 3797 1306 3832 soun

331 3863 396 3916 altri
407 3861 443 3915 46
463 3861 506 3913 nei
527 3861 579 3914 luti
598 3863 664 3915 delli
686 3865 856 3918 tebernocoli
877 3879 894 3916 e
915 3870 996 3916 cento
1018 3863 1091 3914 della
1111 3862 1220 3913 endette
1238 3863 1306 3930 pila·

330 3951 416 3999 strete
437 3943 464 3998 vi
485 3961 568 3996 erano
590 3945 678 3999 scritti
699 3947 709 3999 i
728 3947 799 3999 Ludi
819 3965 835 3999 o
856 3945 970 4014 ginochi
988 3943 1120 4008 seculari,
1142 3943 1151 3994 i
1170 3943 1304 3997 Ponteflci

331 4045 346 4078 c
369 4028 411 4096 gli
432 4029 490 4081 Atti
515 4027 592 4096 degli
616 4028 724 4095 Augus-i
751 4045 767 4079 e
795 4029 837 4078 dc‘
860 4025 1076 4094 Quindecimvlri
1097 4041 1112 4075 e
1136 4027 1212 4094 degli
1234 4023 1305 4079 Edili

330 4109 427 4160 coruli.
468 4111 541 4164 Nelli
563 4109 653 4176 campi
675 4111 717 4162 de’
736 4109 907 4162 tubernaculi
928 4108 1037 4179 acguoti
1058 4108 1080 4160 0
1102 4108 1213 4160 v'erano
1241 4105 1304 4161 tutti

329 4191 340 4243 i
361 4194 482 4258 supremi
508 4191 684 4262 Mogiatreth
708 4191 761 4245 else
787 4207 871 4246 ernno
898 4191 927 4244 in
954 4197 1012 4245 otto
1039 4205 1109 4260 gron
1132 4193 1224 4243 tavolc
1245 4207 1304 4258 spo·

330 4265 483 4326 aioaissinae
504 4293 520 4327 e
541 4278 594 4329 clue
617 4291 700 4329 erano
718 4275 736 4328 ⁴
756 4275 786 4328 di
807 4275 903 4326 dentre
925 4293 940 4327 e
964 4277 981 4328 l
1003 4273 1032 4326 di
1052 4273 1127 4326 lucri
1147 4274 1211 4326 dell’
1234 4288 1303 4328 arcu.

331 4356 414 4423 Quiri
441 4373 525 4410 ereno
553 4359 564 4410 i
589 4357 699 4412 consoli
726 4357 918 4412 il’roconsoli
944 4356 954 4408 i
981 4355 1090 4410 Pastori
1117 4357 1127 4408 i
1154 4352 1305 4408 Decemviri

331 4438 339 4490 i
359 4437 476 4492 'l'rilsoni
495 4439 505 4492 i
527 4439 659 4494 Dittetoai
678 4441 688 4493 i
712 4440 826 4494 Maestri
844 4440 886 4491 do'
905 4438 1052 4494 Gerulicri.
